02RETORNO01COBRANCA       00000000000007976627ASSOC BRASILEIRA DE CORROSAO  237BRADESCO       0406180160000000030                                                                                                                                                                                                                                                                          060618         000001
102339885360001160000009030020109338P                         000000002000250842190000000000000000000000000902040618000250842100000000200025084219080618000000003845023704400  000000000000000000000000000000000000000000000000000000000000000000000000000000000000000000000000000000000000000000000                          0000000000                                                                  000002
102339885360001160000009030020109338P                         000000002000250845610000000000000000000000000902040618000250845600000000200025084561070618000000037800023704400  000000000000000000000000000000000000000000000000000000000000000000000000000000000000000000000000000000000000000000000                          0000000000                                                                  000003
102339885360001160000009030020109338P                         000000002000250855090000000000000000000000000902040618000250855000000000200025085509150618000000009450023704400  000000000000000000000000000000000000000000000000000000000000000000000000000000000000000000000000000000000000000000000                          0000000000                                                                  000004
102339885360001160000009030020109338P                         000000002000250858000000000000000000000000000902040618000250858000000000200025085800080618000000003845023704400  000000000000000000000000000000000000000000000000000000000000000000000000000000000000000000000000000000000000000000000                          0000000000                                                                  000005
102339885360001160000009030020109338P                         000000002000250858190000000000000000000000000902040618000250858100000000200025085819080618000000003845023704400  000000000000000000000000000000000000000000000000000000000000000000000000000000000000000000000000000000000000000000000                          7600000000                                                                  000006
102339885360001160000009030020109338P                         000000002000250858270000000000000000000000000902040618000250858200000000200025085827080618000000003845023704400  000000000000000000000000000000000000000000000000000000000000000000000000000000000000000000000000000000000000000000000                          0000000000                                                                  000007
102339885360001160000009030020109338P                         000000002000250858350000000000000000000000000902040618000250858300000000200025085835080618000000003845023704400  000000000000000000000000000000000000000000000000000000000000000000000000000000000000000000000000000000000000000000000                          0000000000                                                                  000008
102339885360001160000009030020109338P                         000000002000250858430000000000000000000000000902040618000250858400000000200025085843080618000000003845023704400  000000000000000000000000000000000000000000000000000000000000000000000000000000000000000000000000000000000000000000000                          0000000000                                                                  000009
102339885360001160000009030020109338P                         000000002000250858510000000000000000000000000902040618000250858500000000200025085851080618000000003845023704400  000000000000000000000000000000000000000000000000000000000000000000000000000000000000000000000000000000000000000000000                          0000000000                                                                  000010
102339885360001160000009030020109338P                         0000000020002508586P000000000000000000000000090204061800025085860000000020002508586P080618000000003845023704400  000000000000000000000000000000000000000000000000000000000000000000000000000000000000000000000000000000000000000000000                          0000000000                                                                  000011
102339885360001160000009030020109338P                         000000002000250858780000000000000000000000000902040618000250858700000000200025085878080618000000003845023704400  000000000000000000000000000000000000000000000000000000000000000000000000000000000000000000000000000000000000000000000                          0000000000                                                                  000012
102339885360001160000009030020109338P                         000000002000250858940000000000000000000000000902040618000250858900000000200025085894080618000000003845023704400  000000000000000000000000000000000000000000000000000000000000000000000000000000000000000000000000000000000000000000000                          0000000000                                                                  000013
102339885360001160000009030020109338P                         000000002000250859080000000000000000000000000902040618000250859000000000200025085908080618000000003845023704400  000000000000000000000000000000000000000000000000000000000000000000000000000000000000000000000000000000000000000000000                          0000000000                                                                  000014
102339885360001160000009030020109338P                         000000002000250859160000000000000000000000000902040618000250859100000000200025085916080618000000003845023704400  000000000000000000000000000000000000000000000000000000000000000000000000000000000000000000000000000000000000000000000                          0000000000                                                                  000015
102339885360001160000009030020109338P                         000000002000250859240000000000000000000000000902040618000250859200000000200025085924080618000000003845023704400  000000000000000000000000000000000000000000000000000000000000000000000000000000000000000000000000000000000000000000000                          0000000000                                                                  000016
102339885360001160000009030020109338P                         000000002000250859320000000000000000000000000902040618000250859300000000200025085932080618000000003845023704400  000000000000000000000000000000000000000000000000000000000000000000000000000000000000000000000000000000000000000000000                          0000000000                                                                  000017
102339885360001160000009030020109338P                         000000002000250859400000000000000000000000000902040618000250859400000000200025085940080618000000004245023704400  000000000000000000000000000000000000000000000000000000000000000000000000000000000000000000000000000000000000000000000                          0000000000                                                                  000018
102339885360001160000009030020109338P                         000000002000250859670000000000000000000000000902040618000250859600000000200025085967300518000000004200023704400  000000000000000000000000000000000000000000000000000000000000000000000000000000000000000000000000000000000000000000000                          0000000000                                                                  000019
102339885360001160000009030020109338P                         000000002000250859750000000000000000000000000902040618000250859700000000200025085975110618000000042000023704152  000000000000000000000000000000000000000000000000000000000000000000000000000000000000000000000000000000000000000000000                          0000000000                                                                  000020
102339885360001160000009030020109338P                         000000002000250859830000000000000000000000000902040618000250859800000000200025085983130618000000042000023700389  000000000000000000000000000000000000000000000000000000000000000000000000000000000000000000000000000000000000000000000                          0000000000                                                                  000021
102339885360001160000009030020109338P                         000000002000250859910000000000000000000000000902040618000250859900000000200025085991110618000000042000023704152  000000000000000000000000000000000000000000000000000000000000000000000000000000000000000000000000000000000000000000000                          0000000000                                                                  000022
102339885360001160000009030020109338P                         000000002000250860090000000000000000000000000902040618000250860000000000200025086009080618000000003800023703002  000000000000000000000000000000000000000000000000000000000000000000000000000000000000000000000000000000000000000000000                          0000000000                                                                  000023
102339885360001160000009030020109338P                         000000002000250860170000000000000000000000000902040618000250860100000000200025086017080618000000015750023704400  000000000000000000000000000000000000000000000000000000000000000000000000000000000000000000000000000000000000000000000                          0000000000                                                                  000024
102339885360001160000009030020109338P                         000000002000250849600000000000000000000000000903040618000250849600000000200025084960080618000000003845023703002  000000000000000000000000000000000000000000000000000000000000000000000000000000000000000000000000000000000000000000000                          6300000000                                                                  000025
102339885360001160000009030020109338P                         000000002000250849790000000000000000000000000903040618000250849700000000200025084979080618000000003845023703002  000000000000000000000000000000000000000000000000000000000000000000000000000000000000000000000000000000000000000000000                          6300000000                                                                  000026
102339885360001160000009030020109338P                         000000002000250850020000000000000000000000000903040618000250850000000000200025085002080618000000003845023703002  000000000000000000000000000000000000000000000000000000000000000000000000000000000000000000000000000000000000000000000                          6300000000                                                                  000027
102339885360001160000009030020109338P                         000000002000250851340000000000000000000000000903040618000250851300000000200025085134080618000000003845023704400  000000000000000000000000000000000000000000000000000000000000000000000000000000000000000000000000000000000000000000000                          6300000000                                                                  000028
102339885360001160000009030020109338P                         000000002000250851690000000000000000000000000903040618000250851600000000200025085169080618000000003845023704400  000000000000000000000000000000000000000000000000000000000000000000000000000000000000000000000000000000000000000000000                          6300000000                                                                  000029
102339885360001160000009030020109338P                         000000002000250853200000000000000000000000000903040618000250853200000000200025085320080618000000003845023704400  000000000000000000000000000000000000000000000000000000000000000000000000000000000000000000000000000000000000000000000                          6300000000                                                                  000030
102339885360001160000009030020109338P                         000000002000250853710000000000000000000000000903040618000250853700000000200025085371080618000000003845023704400  000000000000000000000000000000000000000000000000000000000000000000000000000000000000000000000000000000000000000000000                          6300000000                                                                  000031
102339885360001160000009030020109338P                         000000002000250853980000000000000000000000000903040618000250853900000000200025085398080618000000003845023704400  000000000000000000000000000000000000000000000000000000000000000000000000000000000000000000000000000000000000000000000                          6300000000                                                                  000032
102339885360001160000009030020109338P                         000000002000250854280000000000000000000000000903040618000250854200000000200025085428080618000000003845023703002  000000000000000000000000000000000000000000000000000000000000000000000000000000000000000000000000000000000000000000000                          6300000000                                                                  000033
102339885360001160000009030020109338P                         000000002000250854600000000000000000000000000903040618000250854600000000200025085460080618000000003845023703002  000000000000000000000000000000000000000000000000000000000000000000000000000000000000000000000000000000000000000000000                          6300000000                                                                  000034
102339885360001160000009030020109338P                         000000002000250854870000000000000000000000000903040618000250854800000000200025085487080618000000004245023704400  000000000000000000000000000000000000000000000000000000000000000000000000000000000000000000000000000000000000000000000                          6300000000                                                                  000035
102339885360001160000009030020109338P                         000000002000250856060000000000000000000000000903040618000250856000000000200025085606080618000000003845023704400  000000000000000000000000000000000000000000000000000000000000000000000000000000000000000000000000000000000000000000000                          6300000000                                                                  000036
102339885360001160000009030020109338P                         000000002000250856220000000000000000000000000903040618000250856200000000200025085622080618000000003845023704400  000000000000000000000000000000000000000000000000000000000000000000000000000000000000000000000000000000000000000000000                          6300000000                                                                  000037
102339885360001160000009030020109338P                         000000002000250856300000000000000000000000000903040618000250856300000000200025085630080618000000003845023704400  000000000000000000000000000000000000000000000000000000000000000000000000000000000000000000000000000000000000000000000                          6300000000                                                                  000038
102339885360001160000009030020109338P                         000000002000250856570000000000000000000000000903040618000250856500000000200025085657080618000000003845023704154  000000000000000000000000000000000000000000000000000000000000000000000000000000000000000000000000000000000000000000000                          6300000000                                                                  000039
102339885360001160000009030020109338P                         000000002000250856650000000000000000000000000903040618000250856600000000200025085665080618000000004245023704400  000000000000000000000000000000000000000000000000000000000000000000000000000000000000000000000000000000000000000000000                          6300000000                                                                  000040
102339885360001160000009030020109338P                         000000002000250857030000000000000000000000000903040618000250857000000000200025085703080618000000003845023704400  000000000000000000000000000000000000000000000000000000000000000000000000000000000000000000000000000000000000000000000                          6300000000                                                                  000041
102339885360001160000009030020109338P                         000000002000250857380000000000000000000000000903040618000250857300000000200025085738080618000000003845023704400  000000000000000000000000000000000000000000000000000000000000000000000000000000000000000000000000000000000000000000000                          6300000000                                                                  000042
102339885360001160000009030020109338P                         000000002000250857540000000000000000000000000903040618000250857500000000200025085754080618000000003845023704400  000000000000000000000000000000000000000000000000000000000000000000000000000000000000000000000000000000000000000000000                          6300000000                                                                  000043
102339885360001160000009030020109338P                         000000002000250857890000000000000000000000000903040618000250857800000000200025085789080618000000003845023704400  000000000000000000000000000000000000000000000000000000000000000000000000000000000000000000000000000000000000000000000                          6300000000                                                                  000044
102339885360001160000009030020109338P                         000000002000250856650000000000000000000000000906040618000250856600000000200025085665300518000000004200003300943  000000000000000000000000000000000000000000000000000000000000000000000000000000000000004200000000000000000000000000000   060618             00000000000000                                                                  000045
102339885360001160000009030020109338P                         000000002000250858190000000000000000000000000906040618000250858100000000200025085819080618000000003845003300943  000000000000000000000000000000000000000000000000000000000000000000000000000000000000003845000000000000000000000000000   060618             00000000000000                                                                  000046
102339885360001160000009030020109338P                         000000002000250858270000000000000000000000000906040618000250858200000000200025085827080618000000003845003300943  000000000000000000000000000000000000000000000000000000000000000000000000000000000000003845000000000000000000000000000   060618             00000000000000                                                                  000047
102339885360001160000009030020109338P                         000000002000250858350000000000000000000000000906040618000250858300000000200025085835080618000000003845003300943  000000000000000000000000000000000000000000000000000000000000000000000000000000000000003845000000000000000000000000000   060618             00000000000000                                                                  000048
102339885360001160000009030020109338P                         000000002000250858510000000000000000000000000906040618000250858500000000200025085851080618000000003845003300943  000000000000000000000000000000000000000000000000000000000000000000000000000000000000003845000000000000000000000000000   060618             00000000000000                                                                  000049
102339885360001160000009030020109338P                         000000002000250858780000000000000000000000000906040618000250858700000000200025085878080618000000003845003300943  000000000000000000000000000000000000000000000000000000000000000000000000000000000000003845000000000000000000000000000   060618             00000000000000                                                                  000050
102339885360001160000009030020109338P                         000000002000250858940000000000000000000000000906040618000250858900000000200025085894080618000000003845003300943  000000000000000000000000000000000000000000000000000000000000000000000000000000000000003845000000000000000000000000000   060618             00000000000000                                                                  000051
102339885360001160000009030020109338P                         000000002000250859160000000000000000000000000906040618000250859100000000200025085916080618000000003845003300943  000000000000000000000000000000000000000000000000000000000000000000000000000000000000003845000000000000000000000000000   060618             00000000000000                                                                  000052
102339885360001160000009030020109338P                         000000002000250859240000000000000000000000000906040618000250859200000000200025085924080618000000003845003300943  000000000000000000000000000000000000000000000000000000000000000000000000000000000000003845000000000000000000000000000   060618             00000000000000                                                                  000053
102339885360001160000009030020109338P                         000000002000250859320000000000000000000000000906040618000250859300000000200025085932080618000000003845003300943  000000000000000000000000000000000000000000000000000000000000000000000000000000000000003845000000000000000000000000000   060618             00000000000000                                                                  000054
102339885360001160000009030020109338P                         000000002000250859670000000000000000000000000910040618000250859600000000200025085967300518000000004200023700000  000000000000000000000000000000000000000000000000000000000000000000000000000000000000000000000000000000000000000000000                          0000000000                                                                  000055
102339885360001160000009030020109338P                         000000002000250827980000000000000000000000000917040618          00000000200025082798000000000000014000023702364  000000000000000000000000000000000000000000000000000000000000000000000000000000000000014000000000000000000000000000000   060618                 0000000000                                                                  000056
9201237          000000470000000462020000000030          00023000002550750000000388050000100000003880500000100000004200000000000000000000000000000000000000000000000000000000000000000000000                                                                                                                                                                              00000000000000000000000         000057
