02RETORNO01COBRANCA       00000000000004146689ASSOC BRAS DE CORROSAO ABRACO 237BRADESCO       0606180160000002084                                                                                                                                                                                                                                                                          070618         000001
1023398853600011600000060127600109991                         000000001301241517940000000000000000000000000606060618          00000000130124151794000000000000002514323700387  000000000000000000000000000000000000000000000000000000000000000000000000000000000000002514300000000000000000000000000   070618             00000000000000                                                                  000002
1023398853600011600000060127600109991                         000000001301241527070000000000000000000000000606060618          00000000130124152707000000000000002441723706715  000000000000000000000000000000000000000000000000000000000000000000000000000000000000002441700000000000000000000000000   070618             00000000000000                                                                  000003
1023398853600011600000060127600109991                         000000001301241535330000000000000000000000000606060618          00000000130124153533000000000000002441734100442  000000000000000000000000000000000000000000000000000000000000000000000000000000000000002441700000000000000000000000000   070618             00000000000000                                                                  000004
1023398853600011600000060127600109991                         000000001301241541650000000000000000000000000606060618          00000000130124154165000000000000002441723706889  000000000000000000000000000000000000000000000000000000000000000000000000000000000000002441700000000000000000000000000   070618             00000000000000                                                                  000005
1023398853600011600000060127600109991                         000000001301241545210000000000000000000000000606060618          00000000130124154521000000000000002441734107409  000000000000000000000000000000000000000000000000000000000000000000000000000000000000002441700000000000000000000000000   070618             00000000000000                                                                  000006
9201237          000000050000000012281100002084          00000000000000000000000122811000050000001228110000000000000000000000000000000000000000000000000000000000000000000000000000000000000                                                                                                                                                                              00000000000000000000000         000007
