02RETORNO01COBRANCA       00000000000007976627ASSOC BRASILEIRA DE CORROSAO  237BRADESCO       0606180160000000032                                                                                                                                                                                                                                                                          080618         000001
102339885360001160000009030020109338P436136                   0000000013813100041800000000000000000000000009060606184361      00000000138131000418070618000000015750003301557  000000000000000000000000000000000000000000000000000000000000000000000000000000000000015750000000000000000000000000000   080618             00000000000000                                                                  000002
102339885360001160000009030020109338P                         000000002000250849790000000000000000000000000906060618000250849700000000200025084979300518000000003800003300943  000000000000000000000000000000000000000000000000000000000000000000000000000000000000003845000000000004500000000000000   080618             00000000000000                                                                  000003
102339885360001160000009030020109338P                         000000002000250853980000000000000000000000000906060618000250853900000000200025085398300518000000003800003300943  000000000000000000000000000000000000000000000000000000000000000000000000000000000000003845000000000004500000000000000   080618             00000000000000                                                                  000004
102339885360001160000009030020109338P                         000000002000250856300000000000000000000000000906060618000250856300000000200025085630300518000000003800023706585  000000000000000000000000000000000000000000000000000000000000000000000000000000000000003800000000000000000000000000000   080618             00000000000000                                                                  000005
102339885360001160000009030020109338P                         000000002000250858000000000000000000000000000906060618000250858000000000200025085800080618000000003845003300943  000000000000000000000000000000000000000000000000000000000000000000000000000000000000003845000000000000000000000000000   080618             00000000000000                                                                  000006
102339885360001160000009030020109338P                         0000000020002508586P000000000000000000000000090606061800025085860000000020002508586P080618000000003845003300943  000000000000000000000000000000000000000000000000000000000000000000000000000000000000003845000000000000000000000000000   080618             00000000000000                                                                  000007
102339885360001160000009030020109338P                         000000002000250859400000000000000000000000000906060618000250859400000000200025085940080618000000004245003300943  000000000000000000000000000000000000000000000000000000000000000000000000000000000000004245000000000000000000000000000   080618             00000000000000                                                                  000008
102339885360001160000009030020109338P                         000000002000250726280000000000000000000000000917060618          00000000200025072628000000000000003890003300943  000000000000000000000000000000000000000000000000000000000000000000000000000000000000003890000000000000000000000000000   080618                 0000000000                                                                  000009
9201237          000000400000000422935000000032          00000000000000000000000391750000070000003908500000000000000000000000000000000000000000000000000000000000000000000000000000000000000                                                                                                                                                                              00000000000000000000000         000010
