02RETORNO01COBRANCA       00000000000007977855ASSOC BRASILEIRA DE CORROSAO  237BRADESCO       0606180160000000006                                                                                                                                                                                                                                                                          080618         000001
1023398853600011600000090127600109991                         0000000013012415476P000000000000000000000000090206061800024154760000000013012415476P230718000000009930123704400  000000000000000000000000000000000000000000000000000000000000000000000000000000000000000000000000000000000000000000000                          7600000000                                                                  000002
1023398853600011600000090127600109991                         000000001301241547780000000000000000000000000902060618000241547700000000130124154778230718000000009930123704602  000000000000000000000000000000000000000000000000000000000000000000000000000000000000000000000000000000000000000000000                          7600000000                                                                  000003
1023398853600011600000090127600109991                         000000001301241547860000000000000000000000000902060618000241547800000000130124154786230718000000009930123704426  000000000000000000000000000000000000000000000000000000000000000000000000000000000000000000000000000000000000000000000                          0000000000                                                                  000004
1023398853600011600000090127600109991                         000000001301241547940000000000000000000000000902060618000241547900000000130124154794230718000000009930123701276  000000000000000000000000000000000000000000000000000000000000000000000000000000000000000000000000000000000000000000000                          0000000000                                                                  000005
1023398853600011600000090127600109991                         000000001301241548080000000000000000000000000902060618000241548000000000130124154808230718000000009930123704422  000000000000000000000000000000000000000000000000000000000000000000000000000000000000000000000000000000000000000000000                          0000000000                                                                  000006
1023398853600011600000090127600109991                         000000001301241548160000000000000000000000000902060618000241548100000000130124154816230718000000009930123704152  000000000000000000000000000000000000000000000000000000000000000000000000000000000000000000000000000000000000000000000                          0000000000                                                                  000007
1023398853600011600000090127600109991                         000000001301241548240000000000000000000000000902060618000241548200000000130124154824270718000000009930123704152  000000000000000000000000000000000000000000000000000000000000000000000000000000000000000000000000000000000000000000000                          0000000000                                                                  000008
1023398853600011600000090127600109991                         000000001301241548320000000000000000000000000902060618000241548300000000130124154832230718000000009930123704400  000000000000000000000000000000000000000000000000000000000000000000000000000000000000000000000000000000000000000000000                          0000000000                                                                  000009
1023398853600011600000090127600109991                         000000001301241548400000000000000000000000000902060618000241548400000000130124154840230718000000009930123700321  000000000000000000000000000000000000000000000000000000000000000000000000000000000000000000000000000000000000000000000                          7600000000                                                                  000010
1023398853600011600000090127600109991                         000000001301241548590000000000000000000000000902060618000241548500000000130124154859210618000000002441723700321  000000000000000000000000000000000000000000000000000000000000000000000000000000000000000000000000000000000000000000000                          7600000000                                                                  000011
1023398853600011600000090127600109991                         000000001301241547510000000000000000000000000906060618000241547500000000130124154751200618000000023783402100135  000000000000000000000000000000000000000000000000000000000000000000000000000000000000023783400000000000000000000000000   080618             00000000000000                                                                  000012
9201237          000000250000000136909500000006          00010000000918126000000237834000010000002378340000000000000000000000000000000000000000000000000000000000000000000000000000000000000                                                                                                                                                                              00000000000000000000000         000013
