02RETORNO01COBRANCA       00000000000004146689ASSOC BRAS DE CORROSAO ABRACO 237BRADESCO       1206180160000002088                                                                                                                                                                                                                                                                          130618         000001
1023398853600011600000060127600109991                         0000000013012414805P0000000000000000000000000606120618          0000000013012414805P000000000000002441723701545  000000000000000000000000000000000000000000000000000000000000000000000000000000000000002441700000000000000000000000000   130618             00000000000000                                                                  000002
9201237          000000010000000002441700002088          00000000000000000000000024417000010000000244170000000000000000000000000000000000000000000000000000000000000000000000000000000000000                                                                                                                                                                              00000000000000000000000         000003
