02RETORNO01COBRANCA       00000000000007976627ASSOC BRASILEIRA DE CORROSAO  237BRADESCO       1206180160000000035                                                                                                                                                                                                                                                                          140618         000001
102339885360001160000009030020109338P                         000000002000250860250000000000000000000000000902120618000250860200000000200025086025130618000000003800023704400  000000000000000000000000000000000000000000000000000000000000000000000000000000000000000000000000000000000000000000000                          7600000000                                                                  000002
102339885360001160000009030020109338P                         000000002000250860330000000000000000000000000902120618000250860300000000200025086033130618000000003800023704400  000000000000000000000000000000000000000000000000000000000000000000000000000000000000000000000000000000000000000000000                          0000000000                                                                  000003
102339885360001160000009030020109338P                         000000002000250860410000000000000000000000000902120618000250860400000000200025086041130618000000003800023704400  000000000000000000000000000000000000000000000000000000000000000000000000000000000000000000000000000000000000000000000                          0000000000                                                                  000004
102339885360001160000009030020109338P                         0000000020002508605P000000000000000000000000090212061800025086050000000020002508605P130618000000003800023704400  000000000000000000000000000000000000000000000000000000000000000000000000000000000000000000000000000000000000000000000                          0000000000                                                                  000005
102339885360001160000009030020109338P                         000000002000250860680000000000000000000000000902120618000250860600000000200025086068130618000000003800023703002  000000000000000000000000000000000000000000000000000000000000000000000000000000000000000000000000000000000000000000000                          0000000000                                                                  000006
102339885360001160000009030020109338P                         000000002000250860760000000000000000000000000902120618000250860700000000200025086076130618000000003800023704400  000000000000000000000000000000000000000000000000000000000000000000000000000000000000000000000000000000000000000000000                          0000000000                                                                  000007
102339885360001160000009030020109338P                         000000002000250860840000000000000000000000000902120618000250860800000000200025086084130618000000003800023704400  000000000000000000000000000000000000000000000000000000000000000000000000000000000000000000000000000000000000000000000                          7600000000                                                                  000008
102339885360001160000009030020109338P                         000000002000250860920000000000000000000000000902120618000250860900000000200025086092130618000000003800023704400  000000000000000000000000000000000000000000000000000000000000000000000000000000000000000000000000000000000000000000000                          0000000000                                                                  000009
102339885360001160000009030020109338P                         000000002000250861060000000000000000000000000902120618000250861000000000200025086106130618000000003800023704154  000000000000000000000000000000000000000000000000000000000000000000000000000000000000000000000000000000000000000000000                          0000000000                                                                  000010
102339885360001160000009030020109338P                         000000002000250861140000000000000000000000000902120618000250861100000000200025086114130618000000003800023703002  000000000000000000000000000000000000000000000000000000000000000000000000000000000000000000000000000000000000000000000                          0000000000                                                                  000011
102339885360001160000009030020109338P                         000000002000250861220000000000000000000000000902120618000250861200000000200025086122130618000000003800023704400  000000000000000000000000000000000000000000000000000000000000000000000000000000000000000000000000000000000000000000000                          0000000000                                                                  000012
102339885360001160000009030020109338P                         000000002000250861300000000000000000000000000902120618000250861300000000200025086130130618000000003800023704400  000000000000000000000000000000000000000000000000000000000000000000000000000000000000000000000000000000000000000000000                          0000000000                                                                  000013
102339885360001160000009030020109338P                         000000002000250861490000000000000000000000000902120618000250861400000000200025086149130618000000003800023704154  000000000000000000000000000000000000000000000000000000000000000000000000000000000000000000000000000000000000000000000                          0000000000                                                                  000014
102339885360001160000009030020109338P                         000000002000250861570000000000000000000000000902120618000250861500000000200025086157130618000000003800023704400  000000000000000000000000000000000000000000000000000000000000000000000000000000000000000000000000000000000000000000000                          7600000000                                                                  000015
102339885360001160000009030020109338P                         000000002000250861650000000000000000000000000902120618000250861600000000200025086165130618000000003800023703002  000000000000000000000000000000000000000000000000000000000000000000000000000000000000000000000000000000000000000000000                          0000000000                                                                  000016
102339885360001160000009030020109338P                         000000002000250861730000000000000000000000000902120618000250861700000000200025086173130618000000003800023704400  000000000000000000000000000000000000000000000000000000000000000000000000000000000000000000000000000000000000000000000                          0000000000                                                                  000017
102339885360001160000009030020109338P                         000000002000250861810000000000000000000000000902120618000250861800000000200025086181130618000000003800023704400  000000000000000000000000000000000000000000000000000000000000000000000000000000000000000000000000000000000000000000000                          0000000000                                                                  000018
102339885360001160000009030020109338P                         0000000020002508619P000000000000000000000000090212061800025086190000000020002508619P130618000000003800023703002  000000000000000000000000000000000000000000000000000000000000000000000000000000000000000000000000000000000000000000000                          0000000000                                                                  000019
102339885360001160000009030020109338P                         000000002000250862030000000000000000000000000902120618000250862000000000200025086203130618000000003800023704400  000000000000000000000000000000000000000000000000000000000000000000000000000000000000000000000000000000000000000000000                          0000000000                                                                  000020
102339885360001160000009030020109338P                         000000002000250862110000000000000000000000000902120618000250862100000000200025086211130618000000003800023704400  000000000000000000000000000000000000000000000000000000000000000000000000000000000000000000000000000000000000000000000                          0000000000                                                                  000021
102339885360001160000009030020109338P                         0000000020002508622P000000000000000000000000090212061800025086220000000020002508622P130618000000003800023704400  000000000000000000000000000000000000000000000000000000000000000000000000000000000000000000000000000000000000000000000                          0000000000                                                                  000022
102339885360001160000009030020109338P                         000000002000250862380000000000000000000000000902120618000250862300000000200025086238130618000000003800023704400  000000000000000000000000000000000000000000000000000000000000000000000000000000000000000000000000000000000000000000000                          0000000000                                                                  000023
102339885360001160000009030020109338P                         000000002000250862460000000000000000000000000902120618000250862400000000200025086246130618000000003800023704400  000000000000000000000000000000000000000000000000000000000000000000000000000000000000000000000000000000000000000000000                          0000000000                                                                  000024
102339885360001160000009030020109338P                         000000002000250862540000000000000000000000000902120618000250862500000000200025086254130618000000003800023704400  000000000000000000000000000000000000000000000000000000000000000000000000000000000000000000000000000000000000000000000                          0000000000                                                                  000025
102339885360001160000009030020109338P                         000000002000250862620000000000000000000000000902120618000250862600000000200025086262130618000000003800023704400  000000000000000000000000000000000000000000000000000000000000000000000000000000000000000000000000000000000000000000000                          0000000000                                                                  000026
102339885360001160000009030020109338P                         000000002000250862700000000000000000000000000902120618000250862700000000200025086270130618000000003800023704400  000000000000000000000000000000000000000000000000000000000000000000000000000000000000000000000000000000000000000000000                          7600000000                                                                  000027
102339885360001160000009030020109338P                         000000002000250862890000000000000000000000000902120618000250862800000000200025086289150618000000037800023704422  000000000000000000000000000000000000000000000000000000000000000000000000000000000000000000000000000000000000000000000                          0000000000                                                                  000028
102339885360001160000009030020109338P                         000000002000250862970000000000000000000000000902120618000250862900000000200025086297150618000000003800023704400  000000000000000000000000000000000000000000000000000000000000000000000000000000000000000000000000000000000000000000000                          0000000000                                                                  000029
102339885360001160000009030020109338P                         000000002000250863000000000000000000000000000902120618000250863000000000200025086300150618000000003800023703002  000000000000000000000000000000000000000000000000000000000000000000000000000000000000000000000000000000000000000000000                          0000000000                                                                  000030
102339885360001160000009030020109338P                         000000002000250863190000000000000000000000000902120618000250863100000000200025086319150618000000003800023703002  000000000000000000000000000000000000000000000000000000000000000000000000000000000000000000000000000000000000000000000                          0000000000                                                                  000031
102339885360001160000009030020109338P                         000000002000250863270000000000000000000000000902120618000250863200000000200025086327150618000000003800023704400  000000000000000000000000000000000000000000000000000000000000000000000000000000000000000000000000000000000000000000000                          0000000000                                                                  000032
102339885360001160000009030020109338P                         000000002000250863350000000000000000000000000902120618000250863300000000200025086335150618000000003800023704400  000000000000000000000000000000000000000000000000000000000000000000000000000000000000000000000000000000000000000000000                          0000000000                                                                  000033
102339885360001160000009030020109338P                         000000002000250863430000000000000000000000000902120618000250863400000000200025086343150618000000003800023703002  000000000000000000000000000000000000000000000000000000000000000000000000000000000000000000000000000000000000000000000                          7600000000                                                                  000034
102339885360001160000009030020109338P                         000000002000250863510000000000000000000000000902120618000250863500000000200025086351150618000000003800023704400  000000000000000000000000000000000000000000000000000000000000000000000000000000000000000000000000000000000000000000000                          0000000000                                                                  000035
102339885360001160000009030020109338P                         0000000020002508636P000000000000000000000000090212061800025086360000000020002508636P150618000000003800023704400  000000000000000000000000000000000000000000000000000000000000000000000000000000000000000000000000000000000000000000000                          0000000000                                                                  000036
102339885360001160000009030020109338P                         000000002000250863780000000000000000000000000902120618000250863700000000200025086378150618000000003800023704400  000000000000000000000000000000000000000000000000000000000000000000000000000000000000000000000000000000000000000000000                          7600000000                                                                  000037
102339885360001160000009030020109338P                         000000002000250863860000000000000000000000000902120618000250863800000000200025086386150618000000003800023704400  000000000000000000000000000000000000000000000000000000000000000000000000000000000000000000000000000000000000000000000                          0000000000                                                                  000038
102339885360001160000009030020109338P                         000000002000250863940000000000000000000000000902120618000250863900000000200025086394150618000000003800023704400  000000000000000000000000000000000000000000000000000000000000000000000000000000000000000000000000000000000000000000000                          7600000000                                                                  000039
102339885360001160000009030020109338P                         000000002000250864080000000000000000000000000902120618000250864000000000200025086408150618000000003800023704400  000000000000000000000000000000000000000000000000000000000000000000000000000000000000000000000000000000000000000000000                          0000000000                                                                  000040
102339885360001160000009030020109338P                         000000002000250864160000000000000000000000000902120618000250864100000000200025086416150618000000003800023704400  000000000000000000000000000000000000000000000000000000000000000000000000000000000000000000000000000000000000000000000                          0000000000                                                                  000041
102339885360001160000009030020109338P                         000000002000250864240000000000000000000000000902120618000250864200000000200025086424150618000000003800023704400  000000000000000000000000000000000000000000000000000000000000000000000000000000000000000000000000000000000000000000000                          7600000000                                                                  000042
102339885360001160000009030020109338P                         000000002000250864320000000000000000000000000902120618000250864300000000200025086432150618000000003800023704400  000000000000000000000000000000000000000000000000000000000000000000000000000000000000000000000000000000000000000000000                          0000000000                                                                  000043
102339885360001160000009030020109338P                         000000002000250864400000000000000000000000000902120618000250864400000000200025086440150618000000003800023704400  000000000000000000000000000000000000000000000000000000000000000000000000000000000000000000000000000000000000000000000                          0000000000                                                                  000044
102339885360001160000009030020109338P                         000000002000250864590000000000000000000000000902120618000250864500000000200025086459150618000000003800023704400  000000000000000000000000000000000000000000000000000000000000000000000000000000000000000000000000000000000000000000000                          0000000000                                                                  000045
102339885360001160000009030020109338P                         000000002000250864670000000000000000000000000902120618000250864600000000200025086467150618000000003800023704400  000000000000000000000000000000000000000000000000000000000000000000000000000000000000000000000000000000000000000000000                          0000000000                                                                  000046
102339885360001160000009030020109338P                         000000002000250864750000000000000000000000000902120618000250864700000000200025086475150618000000003800023704400  000000000000000000000000000000000000000000000000000000000000000000000000000000000000000000000000000000000000000000000                          0000000000                                                                  000047
102339885360001160000009030020109338P                         000000002000250864830000000000000000000000000902120618000250864800000000200025086483150618000000003800023704400  000000000000000000000000000000000000000000000000000000000000000000000000000000000000000000000000000000000000000000000                          0000000000                                                                  000048
102339885360001160000009030020109338P                         000000002000250864910000000000000000000000000902120618000250864900000000200025086491220618000000037800023704400  000000000000000000000000000000000000000000000000000000000000000000000000000000000000000000000000000000000000000000000                          0000000000                                                                  000049
102339885360001160000009030020109338P                         000000002000250865050000000000000000000000000902120618000250865000000000200025086505150618000000037800023704400  000000000000000000000000000000000000000000000000000000000000000000000000000000000000000000000000000000000000000000000                          0000000000                                                                  000050
102339885360001160000009030020109338P                         000000002000250865130000000000000000000000000902120618000250865100000000200025086513150618000000037800023704400  000000000000000000000000000000000000000000000000000000000000000000000000000000000000000000000000000000000000000000000                          0000000000                                                                  000051
102339885360001160000009030020109338P                         000000002000250865210000000000000000000000000902120618000250865200000000200025086521130618000000003800023703002  000000000000000000000000000000000000000000000000000000000000000000000000000000000000000000000000000000000000000000000                          7600000000                                                                  000052
102339885360001160000009030020109338P                         0000000020002508653P000000000000000000000000090212061800025086530000000020002508653P130618000000003800023704400  000000000000000000000000000000000000000000000000000000000000000000000000000000000000000000000000000000000000000000000                          0000000000                                                                  000053
102339885360001160000009030020109338P                         000000002000250865480000000000000000000000000902120618000250865400000000200025086548140618000000003800023704400  000000000000000000000000000000000000000000000000000000000000000000000000000000000000000000000000000000000000000000000                          0000000000                                                                  000054
102339885360001160000009030020109338P                         000000002000250865560000000000000000000000000902120618000250865500000000200025086556140618000000003800023704400  000000000000000000000000000000000000000000000000000000000000000000000000000000000000000000000000000000000000000000000                          0000000000                                                                  000055
102339885360001160000009030020109338P                         000000002000250865640000000000000000000000000902120618000250865600000000200025086564140618000000003800023704400  000000000000000000000000000000000000000000000000000000000000000000000000000000000000000000000000000000000000000000000                          0000000000                                                                  000056
102339885360001160000009030020109338P                         000000002000250865720000000000000000000000000902120618000250865700000000200025086572140618000000003800023704400  000000000000000000000000000000000000000000000000000000000000000000000000000000000000000000000000000000000000000000000                          0000000000                                                                  000057
102339885360001160000009030020109338P                         000000002000250865800000000000000000000000000902120618000250865800000000200025086580140618000000003800023703002  000000000000000000000000000000000000000000000000000000000000000000000000000000000000000000000000000000000000000000000                          0000000000                                                                  000058
102339885360001160000009030020109338P                         000000002000250853200000000000000000000000000903120618000250853200000000200025085320150618000000003890023704400  000000000000000000000000000000000000000000000000000000000000000000000000000000000000000000000000000000000000000000000                          6300000000                                                                  000059
102339885360001160000009030020109338P                         000000002000250854280000000000000000000000000903120618000250854200000000200025085428150618000000003890023703002  000000000000000000000000000000000000000000000000000000000000000000000000000000000000000000000000000000000000000000000                          6300000000                                                                  000060
102339885360001160000009030020109338P                         000000002000250854600000000000000000000000000903120618000250854600000000200025085460150618000000003890023703002  000000000000000000000000000000000000000000000000000000000000000000000000000000000000000000000000000000000000000000000                          6300000000                                                                  000061
102339885360001160000009030020109338P                         000000002000250856570000000000000000000000000903120618000250856500000000200025085657150618000000003890023704154  000000000000000000000000000000000000000000000000000000000000000000000000000000000000000000000000000000000000000000000                          6300000000                                                                  000062
102339885360001160000009030020109338P                         000000002000250858430000000000000000000000000903120618000250858400000000200025085843150618000000003890023704400  000000000000000000000000000000000000000000000000000000000000000000000000000000000000000000000000000000000000000000000                          6300000000                                                                  000063
102339885360001160000009030020109338P                         000000002000250856060000000000000000000000000906120618000250856000000000200025085606300518000000003800023701545  000000000000000000000000000000000000000000000000000000000000000000000000000000000000003800000000000000000000000000000   140618             00000000000000                                                                  000064
102339885360001160000009030020109338P                         000000002000250860250000000000000000000000000906120618000250860200000000200025086025130618000000003800010404659  000000000000000000000000000000000000000000000000000000000000000000000000000000000000003800000000000000000000000000000   140618             00000000000000                                                                  000065
102339885360001160000009030020109338P                         000000002000250860330000000000000000000000000906120618000250860300000000200025086033130618000000003800003300943  000000000000000000000000000000000000000000000000000000000000000000000000000000000000003800000000000000000000000000000   140618             00000000000000                                                                  000066
102339885360001160000009030020109338P                         000000002000250860760000000000000000000000000906120618000250860700000000200025086076130618000000003800003300943  000000000000000000000000000000000000000000000000000000000000000000000000000000000000003800000000000000000000000000000   140618             00000000000000                                                                  000067
102339885360001160000009030020109338P                         000000002000250860920000000000000000000000000906120618000250860900000000200025086092130618000000003800003300943  000000000000000000000000000000000000000000000000000000000000000000000000000000000000003800000000000000000000000000000   140618             00000000000000                                                                  000068
102339885360001160000009030020109338P                         000000002000250861220000000000000000000000000906120618000250861200000000200025086122130618000000003800003303031  000000000000000000000000000000000000000000000000000000000000000000000000000000000000003800000000000000000000000000000   140618             00000000000000                                                                  000069
102339885360001160000009030020109338P                         000000002000250861300000000000000000000000000906120618000250861300000000200025086130130618000000003800010404659  000000000000000000000000000000000000000000000000000000000000000000000000000000000000003800000000000000000000000000000   140618             00000000000000                                                                  000070
102339885360001160000009030020109338P                         000000002000250861490000000000000000000000000906120618000250861400000000200025086149130618000000003800003300943  000000000000000000000000000000000000000000000000000000000000000000000000000000000000003800000000000000000000000000000   140618             00000000000000                                                                  000071
102339885360001160000009030020109338P                         000000002000250861570000000000000000000000000906120618000250861500000000200025086157130618000000003800010400184  000000000000000000000000000000000000000000000000000000000000000000000000000000000000003800000000000000000000000000000   140618             00000000000000                                                                  000072
102339885360001160000009030020109338P                         0000000020002508619P000000000000000000000000090612061800025086190000000020002508619P130618000000003800010401243  000000000000000000000000000000000000000000000000000000000000000000000000000000000000003800000000000000000000000000000   140618             00000000000000                                                                  000073
102339885360001160000009030020109338P                         000000002000250862030000000000000000000000000906120618000250862000000000200025086203130618000000003800003300943  000000000000000000000000000000000000000000000000000000000000000000000000000000000000003800000000000000000000000000000   140618             00000000000000                                                                  000074
102339885360001160000009030020109338P                         0000000020002508622P000000000000000000000000090612061800025086220000000020002508622P130618000000003800003300943  000000000000000000000000000000000000000000000000000000000000000000000000000000000000003800000000000000000000000000000   140618             00000000000000                                                                  000075
102339885360001160000009030020109338P                         000000002000250862460000000000000000000000000906120618000250862400000000200025086246130618000000003800010400184  000000000000000000000000000000000000000000000000000000000000000000000000000000000000003800000000000000000000000000000   140618             00000000000000                                                                  000076
102339885360001160000009030020109338P                         000000002000250862620000000000000000000000000906120618000250862600000000200025086262130618000000003800010403391  000000000000000000000000000000000000000000000000000000000000000000000000000000000000003800000000000000000000000000000   140618             00000000000000                                                                  000077
102339885360001160000009030020109338P                         000000002000250864400000000000000000000000000906120618000250864400000000200025086440150618000000003800000101255  000000000000000000000000000000000000000000000000000000000000000000000000000000000000003800000000000000000000000000000   140618             00000000000000                                                                  000078
102339885360001160000009030020109338P                         000000002000250864670000000000000000000000000906120618000250864600000000200025086467150618000000003800010400215  000000000000000000000000000000000000000000000000000000000000000000000000000000000000003800000000000000000000000000000   140618             00000000000000                                                                  000079
9201237          000000800000000775123300000035          00057000003526000000000608000000160000006080000000000000000000000000000000000000000000000000000000000000000000000000000000000000000                                                                                                                                                                              00000000000000000000000         000080
