02RETORNO01COBRANCA       00000000000007977855ASSOC BRASILEIRA DE CORROSAO  237BRADESCO       1206180160000000010                                                                                                                                                                                                                                                                          120618         000001
1023398853600011600000090127600109991                         000000001301241550300000000000000000000000000902120618000241550300000000130124155030130718000000003564123704400  000000000000000000000000000000000000000000000000000000000000000000000000000000000000000000000000000000000000000000000                          0000000000                                                                  000002
1023398853600011600000090127600109991                         000000001301241550490000000000000000000000000902120618000241550400000000130124155049130718000000005027823704152  000000000000000000000000000000000000000000000000000000000000000000000000000000000000000000000000000000000000000000000                          0000000000                                                                  000003
1023398853600011600000090127600109991                         000000001301241550570000000000000000000000000902120618000241550500000000130124155057130718000000017332423704400  000000000000000000000000000000000000000000000000000000000000000000000000000000000000000000000000000000000000000000000                          0000000000                                                                  000004
1023398853600011600000090127600109991                         000000001301241550650000000000000000000000000902120618000241550600000000130124155065130718000000004742223701276  000000000000000000000000000000000000000000000000000000000000000000000000000000000000000000000000000000000000000000000                          7600000000                                                                  000005
1023398853600011600000090127600109991                         000000001301241550730000000000000000000000000902120618000241550700000000130124155073130718000000006432123704424  000000000000000000000000000000000000000000000000000000000000000000000000000000000000000000000000000000000000000000000                          0000000000                                                                  000006
9201237          000000370000000188760400000010          00005000000370986000000000000000000000000000000000000000000000000000000000000000000000000000000000000000000000000000000000000000000                                                                                                                                                                              00000000000000000000000         000007
