01REMESSA01COBRANCA       00000000000007976627ASSOCIACAO BRASILEIRA DE COR  237BRADESCO       010618        MX1814303                                                                                                                                                                                                                                                                                     000001
1000000000000000000000090300201093380                         0000000020002508578900000000002N           0  01000250857830051800000000380000000000001N280518000000000000000000000000000000000000000000000000000000000000000100015314355728RAFAEL REID DE OLIVEIRA                 FAZ. PARAISO, S/N                                   28740000                                                            000002
1000000000000000000000090300201093380                         0000000020002508575400000000002N           0  01000250857530051800000000380000000000001N280518000000000000000000000000000000000000000000000000000000000000000100008403704402MYCHAELL OLIVEIRA RODRIGUES             RUA AMERICO PEIXOTO, NO 141                         27913310                                                            000003
1000000000000000000000090300201093380                         0000000020002508573800000000002N           0  01000250857330051800000000380000000000001N280518000000000000000000000000000000000000000000000000000000000000000100057081549772PAULO SERGIO DA CONCEICAO               R. VINTE E QUATRO DE JUNHO, NO 20                   28085450                                                            000004
1000000000000000000000090300201093380                         0000000020002508570300000000002N           0  01000250857030051800000000380000000000001N280518000000000000000000000000000000000000000000000000000000000000000100009867344707LUIZ EDUARDO CORREIA SORIANO            RUA JOANA ANTUNES, NO 80 - CS 02                    28860000                                                            000005
1000000000000000000000090300201093380                         0000000020002508566500000000002N           0  01000250856630051800000000420000000000001N280518000000000000000000000000000000000000000000000000000000000000000100013976276707ROSENILTON CRESPO PESSANHA              CORONEL CASTRO, S/N                                 28740000                                                            000006
1000000000000000000000090300201093380                         0000000020002508565700000000002N           0  01000250856530051800000000380000000000001N280518000000000000000000000000000000000000000000000000000000000000000100016677697746THYAGO PACHECO                          RUA RIO SALGADO, N 101                              29169070                                                            000007
1000000000000000000000090300201093380                         0000000020002508563000000000002N           0  01000250856330051800000000380000000000001N280518000000000000000000000000000000000000000000000000000000000000000100016621135793WESLLEY MIRANDA DE ARAUJO               R. CARLOS JANUARIO DE ASSIS, NO 85                  28200000                                                            000008
1000000000000000000000090300201093380                         0000000020002508562200000000002N           0  01000250856230051800000000380000000000001N280518000000000000000000000000000000000000000000000000000000000000000100014012817701WILLIAN PEREIRA DE FRANCA               RUA SEBASTIAO A. POYARES, NO 160                    27945540                                                            000009
1000000000000000000000090300201093380                         0000000020002508560600000000002N           0  01000250856030051800000000380000000000001N280518000000000000000000000000000000000000000000000000000000000000000100012591749728VIVIANE CARDOSO DO ESPIRITO SANTO       RUA JOSE DE OLIVEIRA, NO 59                         27961222                                                            000010
1000000000000000000000090300201093380                         0000000020002508557600000000002N           0  01000250855730051800000000480000000000001N280518000000000000000000000000000000000000000000000000000000000000000100013548111866VANESSA ZANOLINI FIGUEIREDO             AVENIDA NOVA CANTAREIRA, N 4504                     02340002                                                            000011
1000000000000000000000090300201093380                         0000000020002508548700000000002N           0  01000250854830051800000000420000000000001N230518000000000000000000000000000000000000000000000000000000000000000100011053493738PAULO ROBERTO OLIVEIRA DOS SANTOS       AV. GETULIO VARGAS, NO 8                            28930000                                                            000012
1000000000000000000000090300201093380                         0000000020002508546000000000002N           0  01000250854630051800000000380000000000001N230518000000000000000000000000000000000000000000000000000000000000000100016997150764JHONATAN SANTOS DA SILVA                RUA ANDRE  FLORIDO, 19                              23740000                                                            000013
1000000000000000000000090300201093380                         0000000020002508542800000000002N           0  01000250854230051800000000380000000000001N230518000000000000000000000000000000000000000000000000000000000000000100011168612756JHONNY WEY DE SOUZA MARQUES             AV. FREI VICENTE BOGARD                             24800000                                                            000014
1000000000000000000000090300201093380                         0000000020002508539800000000002N           0  01000250853930051800000000380000000000001N230518000000000000000000000000000000000000000000000000000000000000000100008259013754PAULO HENRIQUE DA SILVA SOUZA           R. JOAO VIEIRA FONTES, NO 27                        28300000                                                            000015
1000000000000000000000090300201093380                         0000000020002508537100000000002N           0  01000250853730051800000000380000000000001N230518000000000000000000000000000000000000000000000000000000000000000100009961947703MICHEL DA SILVA ELIAS                   RUA SANTA ANA, N 13                                 28740000                                                            000016
1000000000000000000000090300201093380                         0000000020002508532000000000002N           0  01000250853230051800000000380000000000001N230518000000000000000000000000000000000000000000000000000000000000000100014669995782JUAN ROBSON MACHADO MERIDA SILVA        RUA OLIVIA FARIA, NO 66                             28250000                                                            000017
1000000000000000000000090300201093380                         0000000020002508516900000000002N           0  01000250851630051800000000380000000000001N220518000000000000000000000000000000000000000000000000000000000000000100015314354756FELIPE REID DE OLIVEIRA                 FAZENDA PARAISO, S/N                                28740000                                                            000018
1000000000000000000000090300201093380                         0000000020002508513400000000002N           0  01000250851330051800000000380000000000001N220518000000000000000000000000000000000000000000000000000000000000000100013461324701IURY FALCAO ANTERO                      RUA BENTO ANDRADE LEMOS, 67                         28740000                                                            000019
1000000000000000000000090300201093380                         0000000020002508506100000000002N           0  01000250850630051800000000380000000000001N220518000000000000000000000000000000000000000000000000000000000000000100013035357773ALVARO DE OLIVEIRA LESSA                RUA ALVARO BELMONT, NO 260                          28740000                                                            000020
1000000000000000000000090300201093380                         0000000020002508500200000000002N           0  01000250850030051800000000380000000000001N220518000000000000000000000000000000000000000000000000000000000000000100019958844729DOUGLAS CONSTANCIO BRITO                RUA PRINCIPAL, S/N                                  28100000                                                            000021
1000000000000000000000090300201093380                         0000000020002508497900000000002N           0  01000250849730051800000000380000000000001N220518000000000000000000000000000000000000000000000000000000000000000100007893979607ANDERSON DA SILVA RODRIGUES             ALM W - SETE, NO 35                                 27900000                                                            000022
1000000000000000000000090300201093380                         0000000020002508496000000000002N           0  01000250849630051800000000380000000000001N220518000000000000000000000000000000000000000000000000000000000000000100013309247708ALEX PEREIRA CARDOSO                    AVE. 03, NO 63                                      27900000                                                            000023
1000000000000000000000090300201093380                         0000000020002508357300000000002N           0  01000250835730061800000001680000000000001N100418000000000000000000000000000000000000000000000000000000000000000100006251015888AGNALDO COSME DOS SANTOS SILVA          RUA POLAR, NO 200                                   12230240                                                            000024
9                                                                                                                                                                                                                                                                                                                                                                                                         000025