01REMESSA01COBRANCA       00000000000007976627ASSOCIACAO BRASILEIRA DE COR  237BRADESCO       040618        MX1814304                                                                                                                                                                                                                                                                                     000001
1000000000000000000000090300201093380                         0000000020002508601700000000002N           0  01000250860108061800000001575000000000001N040618000000000000000000000000000000000000000000000000000000000000000100002034811518AISLAN SILVA DOS SANTOS                 AV. ARTHUR BERNARDES, NO 243 - CASA 3               28015325                                                            000002
1000000000000000000000090300201093380                         0000000020002508600900000000002N           0  01000250860008061800000000380000000000001N040618000000000000000000000000000000000000000000000000000000000000000100000413322610RODRIGO MACEDO PIRES                    RUA VOLTA REDONDA, NO 52                            28890000                                                            000003
1000000000000000000000090300201093380                         0000000020002508599100000000002N           0  01000250859911061800000004200000000000001N040618000000000000000000000000000000000000000000000000000000000000000100003167768665ADEMIR FELIX DA SILVA                   RODOVIA DOM GABRIEL PAULINO BUENO COUTO             13212240                                                            000004
1000000000000000000000090300201093380                         0000000020002508598300000000002N           0  01000250859813061800000004200000000000001N300518000000000000000000000000000000000000000000000000000000000000000100003332593439ISAEL MAYKON SILVEIRA ALVES             AV. ALBERTO SANTOS DUMONT, 5-A - 1A AND             57100000                                                            000005
1000000000000000000000090300201093380                         0000000020002508597500000000002N           0  01000250859711061800000004200000000000001N300518000000000000000000000000000000000000000000000000000000000000000100003167768665ADEMIR FELIX DA SILVA                   RODOVIA DOM GABRIEL PAULINO BUENO COUTO             13212240                                                            000006
1000000000000000000000090300201093380                         0000000020002508596700000000002N           0  01000250859630051800000000420000000000001N290518000000000000000000000000000000000000000000000000000000000000000100013035357773ALVARO DE OLIVEIRA LESSA                RUA ALVARO BELMONT, NO 260                          28740000                                                            000007
1000000000000000000000090300201093380                         0000000020002508594000000000002N           0  01000250859408061800000000424500000000001N280518000000000000000000000000000000000000000000000000000000000000000100007399825750CIDNEI LOPES SENCEITA                   RUA NOVO MUNDO, 160                                 26041501                                                            000008
1000000000000000000000090300201093380                         0000000020002508593200000000002N           0  01000250859308061800000000384500000000001N280518000000000000000000000000000000000000000000000000000000000000000100019832694760TIAGO DE SOUZA ANDRADE                  RUA OLIVEIRA MONTEIRO, NO 71                        28250000                                                            000009
1000000000000000000000090300201093380                         0000000020002508592400000000002N           0  01000250859208061800000000384500000000001N280518000000000000000000000000000000000000000000000000000000000000000100020285075780THALIS MONTEIRO LOPES DA SILVA          RUA SAO JORGE, S/N                                  28430000                                                            000010
1000000000000000000000090300201093380                         0000000020002508591600000000002N           0  01000250859108061800000000384500000000001N280518000000000000000000000000000000000000000000000000000000000000000100014820206702LUCAS VIEIRA FERREIRA                   RUA SAO SEBASTIAO, NO 27                            28250000                                                            000011
1000000000000000000000090300201093380                         0000000020002508590800000000002N           0  01000250859008061800000000384500000000001N280518000000000000000000000000000000000000000000000000000000000000000100009638346736LEANDRO DA SILVA DIAS                   RUA 15 DE NOVEMBRO, N 03                            28430000                                                            000012
1000000000000000000000090300201093380                         0000000020002508589400000000002N           0  01000250858908061800000000384500000000001N280518000000000000000000000000000000000000000000000000000000000000000100010074749714JULIANO SANDER PINHEIRO INACIO          RUA ANTONIO MAIA, N 43                              28400000                                                            000013
1000000000000000000000090300201093380                         0000000020002508587800000000002N           0  01000250858708061800000000384500000000001N280518000000000000000000000000000000000000000000000000000000000000000100010768083796FABRICIO ALEGRIA ARIMORI                RUA SEBASTIAO J. NEVES, NO 268                      28300000                                                            000014
1000000000000000000000090300201093380                         0000000020002508586P00000000002N           0  01000250858608061800000000384500000000001N280518000000000000000000000000000000000000000000000000000000000000000100009498207763ELIAS DA CUNHA AZEVEDO                  VILA MARIA, S/N                                     24210205                                                            000015
1000000000000000000000090300201093380                         0000000020002508585100000000002N           0  01000250858508061800000000384500000000001N280518000000000000000000000000000000000000000000000000000000000000000100018481333751CARLOS LEANDRO DA COSTA CARVALHO        AVE. ERIVELTO ALVES MARINHO, NO 297                 28250000                                                            000016
1000000000000000000000090300201093380                         0000000020002508584300000000002N           0  01000250858408061800000000384500000000001N280518000000000000000000000000000000000000000000000000000000000000000100014142409700ARTHUR DE SOUZA CORREA                  RUA JOAQUIM XAVIER DE CARVALHO, N 24                28250000                                                            000017
1000000000000000000000090300201093380                         0000000020002508583500000000002N           0  01000250858308061800000000384500000000001N280518000000000000000000000000000000000000000000000000000000000000000100008892982702ANTONIO ALVES DE SOUZA JUNIOR           RUA 15 DE NOVEMBRO, NO 512                          28430000                                                            000018
1000000000000000000000090300201093380                         0000000020002508582700000000002N           0  01000250858208061800000000384500000000001N280518000000000000000000000000000000000000000000000000000000000000000100009820617731AMILTON MARINHO PEREIRA                 SITIO CAMACHO, S/N                                  24210205                                                            000019
1000000000000000000000090300201093380                         0000000020002508581900000000002N           0  01000250858108061800000000384500000000001N280518000000000000000000000000000000000000000000000000000000000000000100009808679757AMILTON CARDOSO DE FARIA JUNIOR         RUA OLIVEIRA PINTO, NO 111                          28430000                                                            000020
1000000000000000000000090300201093380                         0000000020002508580000000000002N           0  01000250858008061800000000384500000000001N280518000000000000000000000000000000000000000000000000000000000000000100009759538776AMARILTON MARINHO PEREIRA               SITIO CAMACHO, S/N                                  24210205                                                            000021
1000000000000000000000090300201093380                         0000000020002508578900000000002N           0  01000250857808061800000000384500000000001N280518000000000000000000000000000000000000000000000000000000000000000100015314355728RAFAEL REID DE OLIVEIRA                 FAZ. PARAISO, S/N                                   28740000                                                            000022
1000000000000000000000090300201093380                         0000000020002508575400000000002N           0  01000250857508061800000000384500000000001N280518000000000000000000000000000000000000000000000000000000000000000100008403704402MYCHAELL OLIVEIRA RODRIGUES             RUA AMERICO PEIXOTO, NO 141                         27913310                                                            000023
1000000000000000000000090300201093380                         0000000020002508573800000000002N           0  01000250857308061800000000384500000000001N280518000000000000000000000000000000000000000000000000000000000000000100057081549772PAULO SERGIO DA CONCEICAO               R. VINTE E QUATRO DE JUNHO, NO 20                   28085450                                                            000024
1000000000000000000000090300201093380                         0000000020002508570300000000002N           0  01000250857008061800000000384500000000001N280518000000000000000000000000000000000000000000000000000000000000000100009867344707LUIZ EDUARDO CORREIA SORIANO            RUA JOANA ANTUNES, NO 80 - CS 02                    28860000                                                            000025
1000000000000000000000090300201093380                         0000000020002508566500000000002N           0  01000250856608061800000000424500000000001N280518000000000000000000000000000000000000000000000000000000000000000100013976276707ROSENILTON CRESPO PESSANHA              CORONEL CASTRO, S/N                                 28740000                                                            000026
1000000000000000000000090300201093380                         0000000020002508565700000000002N           0  01000250856508061800000000384500000000001N280518000000000000000000000000000000000000000000000000000000000000000100016677697746THYAGO PACHECO                          RUA RIO SALGADO, N 101                              29169070                                                            000027
1000000000000000000000090300201093380                         0000000020002508563000000000002N           0  01000250856308061800000000384500000000001N280518000000000000000000000000000000000000000000000000000000000000000100016621135793WESLLEY MIRANDA DE ARAUJO               R. CARLOS JANUARIO DE ASSIS, NO 85                  28200000                                                            000028
1000000000000000000000090300201093380                         0000000020002508562200000000002N           0  01000250856208061800000000384500000000001N280518000000000000000000000000000000000000000000000000000000000000000100014012817701WILLIAN PEREIRA DE FRANCA               RUA SEBASTIAO A. POYARES, NO 160                    27945540                                                            000029
1000000000000000000000090300201093380                         0000000020002508560600000000002N           0  01000250856008061800000000384500000000001N280518000000000000000000000000000000000000000000000000000000000000000100012591749728VIVIANE CARDOSO DO ESPIRITO SANTO       RUA JOSE DE OLIVEIRA, NO 59                         27961222                                                            000030
1000000000000000000000090300201093380                         0000000020002508550900000000002N           0  01000250855015061800000000945000000000001N240518000000000000000000000000000000000000000000000000000000000000000100010733036759JOAO FELIPE LOPES RODRIGUES SILVA       CAMINHO CENTRAL, N 71                               20551300                                                            000031
1000000000000000000000090300201093380                         0000000020002508548700000000002N           0  01000250854808061800000000424500000000001N230518000000000000000000000000000000000000000000000000000000000000000100011053493738PAULO ROBERTO OLIVEIRA DOS SANTOS       AV. GETULIO VARGAS, NO 8                            28930000                                                            000032
1000000000000000000000090300201093380                         0000000020002508546000000000002N           0  01000250854608061800000000384500000000001N230518000000000000000000000000000000000000000000000000000000000000000100016997150764JHONATAN SANTOS DA SILVA                RUA ANDRE  FLORIDO, 19                              23740000                                                            000033
1000000000000000000000090300201093380                         0000000020002508542800000000002N           0  01000250854208061800000000384500000000001N230518000000000000000000000000000000000000000000000000000000000000000100011168612756JHONNY WEY DE SOUZA MARQUES             AV. FREI VICENTE BOGARD                             24800000                                                            000034
1000000000000000000000090300201093380                         0000000020002508539800000000002N           0  01000250853908061800000000384500000000001N230518000000000000000000000000000000000000000000000000000000000000000100008259013754PAULO HENRIQUE DA SILVA SOUZA           R. JOAO VIEIRA FONTES, NO 27                        28300000                                                            000035
1000000000000000000000090300201093380                         0000000020002508537100000000002N           0  01000250853708061800000000384500000000001N230518000000000000000000000000000000000000000000000000000000000000000100009961947703MICHEL DA SILVA ELIAS                   RUA SANTA ANA, N 13                                 28740000                                                            000036
1000000000000000000000090300201093380                         0000000020002508532000000000002N           0  01000250853208061800000000384500000000001N230518000000000000000000000000000000000000000000000000000000000000000100014669995782JUAN ROBSON MACHADO MERIDA SILVA        RUA OLIVIA FARIA, NO 66                             28250000                                                            000037
1000000000000000000000090300201093380                         0000000020002508516900000000002N           0  01000250851608061800000000384500000000001N220518000000000000000000000000000000000000000000000000000000000000000100015314354756FELIPE REID DE OLIVEIRA                 FAZENDA PARAISO, S/N                                28740000                                                            000038
1000000000000000000000090300201093380                         0000000020002508513400000000002N           0  01000250851308061800000000384500000000001N220518000000000000000000000000000000000000000000000000000000000000000100013461324701IURY FALCAO ANTERO                      RUA BENTO ANDRADE LEMOS, 67                         28740000                                                            000039
1000000000000000000000090300201093380                         0000000020002508500200000000002N           0  01000250850008061800000000384500000000001N220518000000000000000000000000000000000000000000000000000000000000000100019958844729DOUGLAS CONSTANCIO BRITO                RUA PRINCIPAL, S/N                                  28100000                                                            000040
1000000000000000000000090300201093380                         0000000020002508497900000000002N           0  01000250849708061800000000384500000000001N220518000000000000000000000000000000000000000000000000000000000000000100007893979607ANDERSON DA SILVA RODRIGUES             ALM W - SETE, NO 35                                 27900000                                                            000041
1000000000000000000000090300201093380                         0000000020002508496000000000002N           0  01000250849608061800000000384500000000001N220518000000000000000000000000000000000000000000000000000000000000000100013309247708ALEX PEREIRA CARDOSO                    AVE. 03, NO 63                                      27900000                                                            000042
1000000000000000000000090300201093380                         0000000020002508456100000000002N           0  01000250845607061800000003780000000000001N110518000000000000000000000000000000000000000000000000000000000000000100011897745770ARIANA LUPARELLI RIGUETI                RUA BELO HORIZONTE, S/N                             28895559                                                            000043
1000000000000000000000090300201093380                         0000000020002508421900000000002N           0  01000250842108061800000000384500000000001N020518000000000000000000000000000000000000000000000000000000000000000100017857906760MAYCON MADUREIRA DOS SANTOS             RUA BENJAMIM DOS SANTOS, NO 15                      28740000                                                            000044
9                                                                                                                                                                                                                                                                                                                                                                                                         000045