01REMESSA01COBRANCA       00000000000007977855ASSOCIACAO BRASILEIRA DE COR  237BRADESCO       110518        MX0000004                                                                                                                                                                                                                                                                                     000001
1000000000000000000000090127600109991                         0000000013012415365800000000002N           0  01000241536505091800000000001000000000001N080518000000000000000000000000000000000000000000000000000000000000000100037085905387EDUARDO LIMA FIRMINO                    RUA ISMAEL PORDEUS                      REEXAME DE I60181712                                                            000002
1000000000000000000000090127600109991                         0000000013012415366600000000002N           0  01000241536606071800000000656000000000001N080518000000000000000000000000000000000000000000000000000000000000000100076872556749SALVADOR RODRIGUES                      RUA PARDAL                              REEXAME DE I23081070                                                            000003
9                                                                                                                                                                                                                                                                                                                                                                                                         000004