01REMESSA01COBRANCA       00000000000007976627ASSOCIACAO BRASILEIRA DE COR  237BRADESCO       130518        MX0000015                                                                                                                                                                                                                                                                                     000001
1000000000000000000000090300201093380                         0000000020002508447200000000002N           0  01000250844705031800000000380000000000001N030518000000000000000000000000000000000000000000000000000000000000000100017816259727YGOR DOS SANTOS MACHADO                 RUA JOAO B MOURA, N 66                              27900000                                                            000002
9                                                                                                                                                                                                                                                                                                                                                                                                         000003