01REMESSA01COBRANCA       00000000000007976627ASSOCIACAO BRASILEIRA DE COR  237BRADESCO       140518        MX0000016                                                                                                                                                                                                                                                                                     000001
1000000000000000000000090300201093380                         0000000020002508448000000000002N           0  01000250844801017000000000002000000000001N130518000000000000000000000000000000000000000000000000000000000000000100001776919726ADRIANO DE SOUZA LUIZ                   RUA JOAO MANOEL DE ABREU, 351                       28022220                                                            000002
9                                                                                                                                                                                                                                                                                                                                                                                                         000003