01REMESSA01COBRANCA       00000000000007976627ASSOCIACAO BRASILEIRA DE COR  237BRADESCO       150518        MX1814303                                                                                                                                                                                                                                                                                     000001
1000000000000000000000090300201093380                         0000000020002508488P00000000002N           0  01000250848801017000000000380000000000001N140518000000000000000000000000000000000000000000000000000000000000000100013779433729WALLAS MATTOS RIBEIRO                   RUA ALBERTINO DE SOUZA PEREIRA, 06                  28300000                                                            000002
9                                                                                                                                                                                                                                                                                                                                                                                                         000003