01REMESSA01COBRANCA       00000000000007976627ASSOCIACAO BRASILEIRA DE COR  237BRADESCO       150518        MX1814305                                                                                                                                                                                                                                                                                     000001
1000000000000000000000090300201093380                         0000000020002508493600000000002N           0  01000250849301017000000000380000000000001N150518000000000000000000000000000000000000000000000000000000000000000100004460048710ADRIANA CARVALHO PECANHA                AVENIDA VENEZUELA - ATE 153 - LADO IMP              20081311                                                            000002
1000000000000000000000090300201093380                         0000000020002508492800000000002N           0  01000250849201017000000000380000000000001N150518000000000000000000000000000000000000000000000000000000000000000100004460048710ADRIANA CARVALHO PECANHA                AVENIDA VENEZUELA - ATE 153 - LADO IMP              20081311                                                            000003
1000000000000000000000090300201093380                         0000000020002508491P00000000002N           0  01000250849101017000000000380000000000001N150518000000000000000000000000000000000000000000000000000000000000000100004460048710ADRIANA CARVALHO PECANHA                AVENIDA VENEZUELA - ATE 153 - LADO IMP              20081311                                                            000004
1000000000000000000000090300201093380                         0000000020002508490100000000002N           0  01000250849001017000000000380000000000001N150518000000000000000000000000000000000000000000000000000000000000000100004460048710ADRIANA CARVALHO PECANHA                AVENIDA VENEZUELA - ATE 153 - LADO IMP              20081311                                                            000005
1000000000000000000000090300201093380                         0000000020002508489800000000002N           0  01000250848901017000000000380000000000001N150518000000000000000000000000000000000000000000000000000000000000000100004460048710ADRIANA CARVALHO PECANHA                AVENIDA VENEZUELA - ATE 153 - LADO IMP              20081311                                                            000006
9                                                                                                                                                                                                                                                                                                                                                                                                         000007