01REMESSA01COBRANCA       00000000000007976627ASSOCIACAO BRASILEIRA DE COR  237BRADESCO       170518        MX1814306                                                                                                                                                                                                                                                                                     000001
1000000000000000000000090300201093380                         0000000020002508495200000000002N           0  01000250849530051800000004320000000000001N170518000000000000000000000000000000000000000000000000000000000000000100005047813916ALISSON DOS SANTOS                      RUA DESEMBARGADOR CID CAMPELO, 7503, APT            81250510                                                            000002
1000000000000000000000090300201093380                         0000000020002508494400000000002N           0  01000250849421051800000003000000000000001N170518000000000000000000000000000000000000000000000000000000000000000100098991760791LUIZ ANTONIO ROSSI JAZBINSEK            RUA FRANCISCO PRETO, 46, APTO 43, ED. TO            05623010                                                            000003
1000000000000000000000090300201093380                         0000000020002508487100000000002N           0  01000250848721051800000000384500000000001N140518000000000000000000000000000000000000000000000000000000000000000100012578074712WALLACE GREGORIO PINTO                  RUA OSVALDO CRUZ, 1038, CASA                        28300000                                                            000004
1000000000000000000000090300201093380                         0000000020002508486300000000002N           0  01000250848621051800000000384500000000001N140518000000000000000000000000000000000000000000000000000000000000000100014365622790VINICIO BARRETO DIAS                    RUA 10, 01, CASA                                    28100000                                                            000005
1000000000000000000000090300201093380                         0000000020002508484700000000002N           0  01000250848421051800000000384500000000001N140518000000000000000000000000000000000000000000000000000000000000000100003257743580TIAGO BARBOZA DA SILVA                  RUA ALZEMIRO ROCHA, 131, CASA 01                    27945200                                                            000006
1000000000000000000000090300201093380                         0000000020002508481200000000002N           0  01000250848121051800000000384500000000001N140518000000000000000000000000000000000000000000000000000000000000000100001334861501RONE DA SILVA ROSA                      RUA ALZEMIRO ROCHA, 131, CASA 01                    27945200                                                            000007
1000000000000000000000090300201093380                         0000000020002508480400000000002N           0  01000250848021051800000000384500000000001N140518000000000000000000000000000000000000000000000000000000000000000100003921041562RAMON MACHADO SILVA SANTOS              AVENIDA TANCREDO NEVES, 09, APTO 01                 27900000                                                            000008
1000000000000000000000090300201093380                         0000000020002508475800000000002N           0  01000250847521051800000000384500000000001N140518000000000000000000000000000000000000000000000000000000000000000100013458815767JOELBERTH CAMPISTA DOS SANTOS           RUA SANTA CATARINA, 26                              28890227                                                            000009
1000000000000000000000090300201093380                         0000000020002508472300000000002N           0  01000250847221051800000000384500000000001N140518000000000000000000000000000000000000000000000000000000000000000100011962737748JAILTON ROSA DA SILVA                   RUA ANTONIO ROCHA, 15                               28930000                                                            000010
1000000000000000000000090300201093380                         0000000020002508471500000000002N           0  01000250847121051800000000384500000000001N140518000000000000000000000000000000000000000000000000000000000000000100004134386519ISNEI BORGES DOS SANTOS                 RUA AUGUSTO BRAGA, 78, CASA 02                      27961034                                                            000011
1000000000000000000000090300201093380                         0000000020002508466900000000002N           0  01000250846621051800000000384500000000001N140518000000000000000000000000000000000000000000000000000000000000000100011370751710EDUARDO FELIPE LOURENCO TAVARES         RUA PAULO BARRETO, 64, LOTE 05                      24720010                                                            000012
1000000000000000000000090300201093380                         0000000020002508463400000000002N           0  01000250846321051800000000384200000000001N140518000000000000000000000000000000000000000000000000000000000000000100004984866560ARIVELTON DE ARAGAO BOMFIM              RUA DOS ROUXINOIS, 50, APTO 202                     27937300                                                            000013
1000000000000000000000090300201093380                         0000000020002508455300000000002N           0  01000250845526051800000003780000000000001N110518000000000000000000000000000000000000000000000000000000000000000100005674660786LUCAS FITTIPALDI                        RUA WALDOMIRO ANTONIO PEREIRA, 55, 804              29066290                                                            000014
9                                                                                                                                                                                                                                                                                                                                                                                                         000015