01REMESSA01COBRANCA       00000000000007976627ASSOCIACAO BRASILEIRA DE COR  237BRADESCO       180518        MX1814307                                                                                                                                                                                                                                                                                     000001
1000000000000000000000090300201093380                         0000000020002508452900000000002N           0  01000250845216071800000000583330000000001N110518000000000000000000000000000000000000000000000000000000000000000100037000280832JESSICA SOUSA PEREIRA                   AVENIDA EMBAIXADOR PEDRO DE TOLEDO, NO              11320440                                                            000002
1000000000000000000000090300201093380                         0000000020002508451000000000002N           0  01000250845116061800000000583330000000001N110518000000000000000000000000000000000000000000000000000000000000000100037000280832JESSICA SOUSA PEREIRA                   AVENIDA EMBAIXADOR PEDRO DE TOLEDO, NO              11320440                                                            000003
1000000000000000000000090300201093380                         0000000020002508448000000000002N           0  01000250844801061800000003000000000000001N110518000000000000000000000000000000000000000000000000000000000000000100014469696811PETER DAVIES CAVAGLIERI                 RUA PADRE TIMOTEO CORREA DE TOLEDO, 171             12070500                                                            000004
1000000000000000000000090300201093380                         0000000020002508337900000000002N           0  01000250833714061800000001400000000000001N290318000000000000000000000000000000000000000000000000000000000000000100029577724850JOSE CARLOS BEZERRA DE ARAUJO           RUA BOLIVIA, NO 164                                 12955000                                                            000005
1000000000000000000000090300201093380                         0000000020002507464700000000002N           0  01000250746425051800000002193300000000001N270617000000000000000000000000000000000000000000000000000000000000000100039269593800BRUNO DE CASTRO LOPES                   AV. PASCHOAL GZEBIEN, NO 290 - CASA                 11348100                                                            000006
9                                                                                                                                                                                                                                                                                                                                                                                                         000007