01REMESSA01COBRANCA       00000000000007976627ASSOCIACAO BRASILEIRA DE COR  237BRADESCO       220518        MX1814309                                                                                                                                                                                                                                                                                     000001
1000000000000000000000090300201093380                         0000000020002508529000000000002N           0  01000250852923051800000000380000000000001N220518000000000000000000000000000000000000000000000000000000000000000100013418918794VITOR QUINTANILHA DA SILVA              RUA AFONSO PENA, 321                                25946232                                                            000002
1000000000000000000000090300201093380                         0000000020002508528200000000002N           0  01000250852823051800000000380000000000001N220518000000000000000000000000000000000000000000000000000000000000000100015738704711THIAGO ALTINO CARDOSO                   RUA JARDIM CANTAGALO, 312                           25940000                                                            000003
1000000000000000000000090300201093380                         0000000020002508527400000000002N           0  01000250852723051800000000380000000000001N220518000000000000000000000000000000000000000000000000000000000000000100009274239440RAIMUNDO DANILO DE MORAIS               RUA SAO SALVADOR, 05                                21042450                                                            000004
1000000000000000000000090300201093380                         0000000020002508526600000000002N           0  01000250852623051800000000380000000000001N220518000000000000000000000000000000000000000000000000000000000000000100014768791760PAULO SERGIO ESTEVES PEREIRA            RUA JARDIM CANTAGALO, 265                           25940000                                                            000005
1000000000000000000000090300201093380                         0000000020002508525800000000002N           0  01000250852523051800000000380000000000001N220518000000000000000000000000000000000000000000000000000000000000000100015787014731PABLO RIBEIRO DA SILVA                  RUA JAIME PORTELA, 269, CASA FUNDOS                 25945865                                                            000006
1000000000000000000000090300201093380                         0000000020002508524P00000000002N           0  01000250852423051800000000380000000000001N220518000000000000000000000000000000000000000000000000000000000000000100013995576702NATHAN PEREIRA CARDOSO                  RUA TEIXEIRA, NO 59                                 25945376                                                            000007
1000000000000000000000090300201093380                         0000000020002508523100000000002N           0  01000250852323051800000000380000000000001N220518000000000000000000000000000000000000000000000000000000000000000100013060323771MARCUS VINICIUS GONCALVES RAMOS         RUA MANOEL LUIZ DE ANDRADE, 5                       26291042                                                            000008
1000000000000000000000090300201093380                         0000000020002508522300000000002N           0  01000250852223051800000000380000000000001N220518000000000000000000000000000000000000000000000000000000000000000100013199453767JEFFERSON RIBEIRO MOREIRA               RUA DONA HORTENCIA, 43                              25946142                                                            000009
1000000000000000000000090300201093380                         0000000020002508521500000000002N           0  01000250852123051800000000380000000000001N220518000000000000000000000000000000000000000000000000000000000000000100008655806773EDILSON DE BRITO ATHAYDE                RUA ITAMONTE, S/N, LOTE 13, QUADRA 09               25945368                                                            000010
1000000000000000000000090300201093380                         0000000020002508520700000000002N           0  01000250852023051800000000380000000000001N220518000000000000000000000000000000000000000000000000000000000000000100013375724705BRUNO VIGNOLA SARKIZ                    RUA IGUABE35, 14, CASA                              21380000                                                            000011
1000000000000000000000090300201093380                         0000000020002508519300000000002N           0  01000250851923051800000000380000000000001N220518000000000000000000000000000000000000000000000000000000000000000100005482094723BRUNO FERNANDES DE OLIVEIRA TERRA       RUA HENRIQUE PIRES DA LUZ, 01, 20                   28470000                                                            000012
1000000000000000000000090300201093380                         0000000020002508518500000000002N           0  01000250851823051800000000380000000000001N220518000000000000000000000000000000000000000000000000000000000000000100000417981554ANTONIO DE JESUS SANTOS                 CONJUNTO JOSE GONCALVES, 281                        49760000                                                            000013
1000000000000000000000090300201093380                         0000000020002508517700000000002N           0  01000250851724051800000000380000000000001N220518000000000000000000000000000000000000000000000000000000000000000100014022918764JONATHAN MANTUANO FREIRE                RUA 05, NO 97 - QUADRA 09                           27900000                                                            000014
1000000000000000000000090300201093380                         0000000020002508516900000000002N           0  01000250851624051800000000380000000000001N220518000000000000000000000000000000000000000000000000000000000000000100015314354756FELIPE REID DE OLIVEIRA                 FAZENDA PARAISO, S/N                                28740000                                                            000015
1000000000000000000000090300201093380                         0000000020002508515000000000002N           0  01000250851524051800000000380000000000001N220518000000000000000000000000000000000000000000000000000000000000000100014606299738FELIPE DE FREITAS SANTANNA              ESTRADA DO INCRA, NO 31                             27971315                                                            000016
1000000000000000000000090300201093380                         0000000020002508514200000000002N           0  01000250851424051800000000380000000000001N220518000000000000000000000000000000000000000000000000000000000000000100011928686761DOUGLAS DIAS DA SILVA                   AVE NILO PECANHA, 510                               28030035                                                            000017
1000000000000000000000090300201093380                         0000000020002508513400000000002N           0  01000250851324051800000000380000000000001N220518000000000000000000000000000000000000000000000000000000000000000100013461324701IURY FALCAO ANTERO                      RUA BENTO ANDRADE LEMOS, 67                         28740000                                                            000018
1000000000000000000000090300201093380                         0000000020002508512600000000002N           0  01000250851224051800000000380000000000001N220518000000000000000000000000000000000000000000000000000000000000000100012331727783JHONATA PEREIRA DAS DORES               R. PERNAMBUCO, 82                                   28060440                                                            000019
1000000000000000000000090300201093380                         0000000020002508511800000000002N           0  01000250851124051800000000380000000000001N220518000000000000000000000000000000000000000000000000000000000000000100014458524704GUSTAVO ALVES DA SILVA                  RUA MARIA SANTANA, N 152                            28080185                                                            000020
1000000000000000000000090300201093380                         0000000020002508510P00000000002N           0  01000250851024051800000000380000000000001N220518000000000000000000000000000000000000000000000000000000000000000100001632105780ISABEL CRISTINA MARQUES PINTO MONTEIRO  RUA ITATIBA, N 359                                  21645320                                                            000021
1000000000000000000000090300201093380                         0000000020002508509600000000002N           0  01000250850924051800000000380000000000001N220518000000000000000000000000000000000000000000000000000000000000000100007579138573GABRIEL MACEDO DOS SANTOS               RUA ANA, NO 13                                      24210205                                                            000022
1000000000000000000000090300201093380                         0000000020002508508800000000002N           0  01000250850824051800000000380000000000001N220518000000000000000000000000000000000000000000000000000000000000000100014143792770GABRIEL DA SILVA AZEVEDO                RUA AROLDO RIBEIRO ELIAS, NO 75                     28893582                                                            000023
1000000000000000000000090300201093380                         0000000020002508507P00000000002N           0  01000250850724051800000000380000000000001N220518000000000000000000000000000000000000000000000000000000000000000100004540542540CARLOS HENRIQUE COUTINHO TAVARES COSTA  RUA STA. CATARINA, N 850                            28890227                                                            000024
1000000000000000000000090300201093380                         0000000020002508506100000000002N           0  01000250850624051800000000380000000000001N220518000000000000000000000000000000000000000000000000000000000000000100013035357773ALVARO DE OLIVEIRA LESSA                RUA ALVARO BELMONT, NO 260                          28740000                                                            000025
1000000000000000000000090300201093380                         0000000020002508505300000000002N           0  01000250850524051800000000380000000000001N220518000000000000000000000000000000000000000000000000000000000000000100010661753735DANIEL FRANCA CORDEIRO                  AV. ONZE DE JANEIRO, 310                            28390000                                                            000026
1000000000000000000000090300201093380                         0000000020002508504500000000002N           0  01000250850424051800000000380000000000001N220518000000000000000000000000000000000000000000000000000000000000000100013899179757DARLAN SOUZA MACHADO                    RUA JOAO CUSTODIO, NO 12                            28350000                                                            000027
1000000000000000000000090300201093380                         0000000020002508503700000000002N           0  01000250850324051800000000380000000000001N220518000000000000000000000000000000000000000000000000000000000000000100012012358713 DIEGO ANTONIO LUCAS PINHEIRO           RUA W, NO 39                                        27970220                                                            000028
1000000000000000000000090300201093380                         0000000020002508502900000000002N           0  01000250850224051800000000380000000000001N220518000000000000000000000000000000000000000000000000000000000000000100008456221708CLAUDIO ALEX MARTINS DA COSTA           RUA TRES AC R TONINHO ALMEIDA, N 302                28893642                                                            000029
1000000000000000000000090300201093380                         0000000020002508501000000000002N           0  01000250850124051800000000380000000000001N220518000000000000000000000000000000000000000000000000000000000000000100015658402751ANDRE DOS SANTOS VIANNA                 RUA ANTONIO JOAO DE FARIA, NO 34                    28020000                                                            000030
1000000000000000000000090300201093380                         0000000020002508500200000000002N           0  01000250850024051800000000380000000000001N220518000000000000000000000000000000000000000000000000000000000000000100019958844729DOUGLAS CONSTANCIO BRITO                RUA PRINCIPAL, S/N                                  28100000                                                            000031
1000000000000000000000090300201093380                         0000000020002508499500000000002N           0  01000250849924051800000000380000000000001N220518000000000000000000000000000000000000000000000000000000000000000100011157786766BRUNO LIMA ROQUE                        W1, NO 4 - QUADRA 407                               27900000                                                            000032
1000000000000000000000090300201093380                         0000000020002508498700000000002N           0  01000250849824051800000000380000000000001N220518000000000000000000000000000000000000000000000000000000000000000100091703107772CARLOS HENRIQUE MARTINS DA SILVA        RUA CASIMIRO DE ABREU, N 66                         28080240                                                            000033
1000000000000000000000090300201093380                         0000000020002508497900000000002N           0  01000250849724051800000000380000000000001N220518000000000000000000000000000000000000000000000000000000000000000100007893979607ANDERSON DA SILVA RODRIGUES             ALM W - SETE, NO 35                                 27900000                                                            000034
1000000000000000000000090300201093380                         0000000020002508496000000000002N           0  01000250849624051800000000380000000000001N220518000000000000000000000000000000000000000000000000000000000000000100013309247708ALEX PEREIRA CARDOSO                    AVE. 03, NO 63                                      27900000                                                            000035
1000000000000000000000090300201093380                         0000000020002508279800000000002N           0  01000250827904061800000001400000000000001N220318000000000000000000000000000000000000000000000000000000000000000100005434139348RAUL LUIZ CARNEIRO CALLEGARIO           RUA BACABAL, N 17 - QD 42                           65072868                                                            000036
1000000000000000000000090300201093380                         0000000020002507709300000000002N           0  01000250770925051800000000463400000000001N280817000000000000000000000000000000000000000000000000000000000000000100018643420727JOAO VICTOR NASCIMENTO DE BARROS DA SIL RUA SERGIPLACERDA, NO 176                           26279270                                                            000037
9                                                                                                                                                                                                                                                                                                                                                                                                         000038