01REMESSA01COBRANCA       00000000000007976627ASSOCIACAO BRASILEIRA DE COR  237BRADESCO       230518        MX1814310                                                                                                                                                                                                                                                                                     000001
1000000000000000000000090300201093380                         0000000020002508548700000000002N           0  01000250854825051800000000420000000000001N230518000000000000000000000000000000000000000000000000000000000000000100011053493738PAULO ROBERTO OLIVEIRA DOS SANTOS       AV. GETULIO VARGAS, NO 8                            28930000                                                            000002
1000000000000000000000090300201093380                         0000000020002508547900000000002N           0  01000250854725051800000000380000000000001N230518000000000000000000000000000000000000000000000000000000000000000100013215819716FABRICIO QUADROS FURTADO DA SILVA       AVE D, N 1235                                       17965055                                                            000003
1000000000000000000000090300201093380                         0000000020002508546000000000002N           0  01000250854625051800000000380000000000001N230518000000000000000000000000000000000000000000000000000000000000000100016997150764JHONATAN SANTOS DA SILVA                RUA ANDRE  FLORIDO, 19                              23740000                                                            000004
1000000000000000000000090300201093380                         0000000020002508545200000000002N           0  01000250854525051800000000380000000000001N230518000000000000000000000000000000000000000000000000000000000000000100008603293724JOSE LEANDRO MILITAO PRUDENCIO          RUA NEYDIVAL VILACA VENANCIO, 70                    28010000                                                            000005
1000000000000000000000090300201093380                         0000000020002508544400000000002N           0  01000250854425051800000000380000000000001N230518000000000000000000000000000000000000000000000000000000000000000100068639570787JOSE CARLOS DA SILVA KELLY              RUA DA SERVIDAO, 21                                 27900000                                                            000006
1000000000000000000000090300201093380                         0000000020002508543600000000002N           0  01000250854325051800000000380000000000001N230518000000000000000000000000000000000000000000000000000000000000000100012396506714JOSIAS RIBEIRO GONCALVES                RUA ANTONIO PINTO MENEZES, S/N                      28100000                                                            000007
1000000000000000000000090300201093380                         0000000020002508542800000000002N           0  01000250854225051800000000380000000000001N230518000000000000000000000000000000000000000000000000000000000000000100011168612756JHONNY WEY DE SOUZA MARQUES             AV. FREI VICENTE BOGARD                             24800000                                                            000008
1000000000000000000000090300201093380                         0000000020002508541P00000000002N           0  01000250854125051800000000380000000000001N230518000000000000000000000000000000000000000000000000000000000000000100010523229720JOCIMARA ALVES DE SOUZA                 RUA PELICANO, NO 04                                 28893604                                                            000009
1000000000000000000000090300201093380                         0000000020002508540100000000002N           0  01000250854025051800000000380000000000001N230518000000000000000000000000000000000000000000000000000000000000000100010040286797RENIER CARVALHO DE MORAES RIBEIRO       ESTRADA JOAO VENANCIO DE FIGUEIREDO, 1              26020001                                                            000010
1000000000000000000000090300201093380                         0000000020002508539800000000002N           0  01000250853925051800000000380000000000001N230518000000000000000000000000000000000000000000000000000000000000000100008259013754PAULO HENRIQUE DA SILVA SOUZA           R. JOAO VIEIRA FONTES, NO 27                        28300000                                                            000011
1000000000000000000000090300201093380                         0000000020002508538P00000000002N           0  01000250853825051800000000380000000000001N230518000000000000000000000000000000000000000000000000000000000000000100013721302761RAFAEL MENDES MEIRA AMADO               RUA ACHILES VIEIRA FOLLY, N 1265                    29900000                                                            000012
1000000000000000000000090300201093380                         0000000020002508537100000000002N           0  01000250853725051800000000380000000000001N230518000000000000000000000000000000000000000000000000000000000000000100009961947703MICHEL DA SILVA ELIAS                   RUA SANTA ANA, N 13                                 28740000                                                            000013
1000000000000000000000090300201093380                         0000000020002508536300000000002N           0  01000250853625051800000000380000000000001N230518000000000000000000000000000000000000000000000000000000000000000100009258829760JOSE CLAUDIO DA SILVA MACHADO           EST DE CAXETA                                       28000000                                                            000014
1000000000000000000000090300201093380                         0000000020002508535500000000002N           0  01000250853525051800000000380000000000001N230518000000000000000000000000000000000000000000000000000000000000000100012710658780LEONARDO DE AMORIM PINHEIRO             RUA UM - QD 1, LT 8, C1                             27963834                                                            000015
1000000000000000000000090300201093380                         0000000020002508534700000000002N           0  01000250853425051800000000380000000000001N230518000000000000000000000000000000000000000000000000000000000000000100005593967750LEONARDO MONCAO                         RUA ALCIDES VIEIRA MACIEL , N 55                    28085130                                                            000016
1000000000000000000000090300201093380                         0000000020002508533900000000002N           0  01000250853325051800000000380000000000001N230518000000000000000000000000000000000000000000000000000000000000000100013754292722LEONARDO BRUNO FERRAS                   RUA NOVA OLINDA, N 356                              28000000                                                            000017
1000000000000000000000090300201093380                         0000000020002508532000000000002N           0  01000250853225051800000000380000000000001N230518000000000000000000000000000000000000000000000000000000000000000100014669995782JUAN ROBSON MACHADO MERIDA SILVA        RUA OLIVIA FARIA, NO 66                             28250000                                                            000018
1000000000000000000000090300201093380                         0000000020002508531200000000002N           0  01000250853125051800000000380000000000001N230518000000000000000000000000000000000000000000000000000000000000000100008743743676JOSE POLICARPO NETO                     RUA MARIA LUCIA PIERSANTE , NO 165                  27963762                                                            000019
1000000000000000000000090300201093380                         0000000020002508530400000000002N           0  01000250853025051800000000380000000000001N230518000000000000000000000000000000000000000000000000000000000000000100012733820729JOCIMAR BARRETO DA SILVA JUNIOR         RUA JULIO BARCELOS, NO 03                           28000000                                                            000020
9                                                                                                                                                                                                                                                                                                                                                                                                         000021