01REMESSA01COBRANCA       00000000000007976627ASSOCIACAO BRASILEIRA DE COR  237BRADESCO       250518        MX1814311                                                                                                                                                                                                                                                                                     000001
1000000000000000000000090300201093380                         0000000020002508556800000000002N           0  01000250855631051800000001575000000000001N240518000000000000000000000000000000000000000000000000000000000000000100009293636719RAFAEL PEREIRA VIANA MARQUES            RUA JOAO SALVADOR PERES TONICO, NO 326              09390810                                                            000002
1000000000000000000000090300201093380                         0000000020002508555P00000000002N           0  01000250855531051800000004320000000000001N240518000000000000000000000000000000000000000000000000000000000000000100068616619968CLAUDEMIR DE ARAUJO                     RUA PORTO ALEGRE, N 339                             89240000                                                            000003
1000000000000000000000090300201093380                         0000000020002508554100000000002N           0  01000250855431051800000004320000000000001N240518000000000000000000000000000000000000000000000000000000000000000100062453084372LEONARDO VERISSIMO OTAVIANO             RUA MIRAMAR, NO 160                                 61627430                                                            000004
1000000000000000000000090300201093380                         0000000020002508553300000000002N           0  01000250855301081800000000583330000000001N240518000000000000000000000000000000000000000000000000000000000000000100005915758762MONIKE BUTTNER DE CARVALO               RUA FRANCISCO PEREIRA VIANA, NO 201                 27520010                                                            000005
1000000000000000000000090300201093380                         0000000020002508552500000000002N           0  01000250855201071800000000583330000000001N240518000000000000000000000000000000000000000000000000000000000000000100005915758762MONIKE BUTTNER DE CARVALO               RUA FRANCISCO PEREIRA VIANA, NO 201                 27520010                                                            000006
1000000000000000000000090300201093380                         0000000020002508551700000000002N           0  01000250855131051800000000583330000000001N240518000000000000000000000000000000000000000000000000000000000000000100005915758762MONIKE BUTTNER DE CARVALO               RUA FRANCISCO PEREIRA VIANA, NO 201                 27520010                                                            000007
1000000000000000000000090300201093380                         0000000020002508550900000000002N           0  01000250855031051800000000945000000000001N240518000000000000000000000000000000000000000000000000000000000000000100010733036759JOAO FELIPE LOPES RODRIGUES SILVA       CAMINHO CENTRAL, N 71                               20551300                                                            000008
1000000000000000000000090300201093380                         0000000020002508549500000000002N           0  01000250854929051800000003780000000000001N240518000000000000000000000000000000000000000000000000000000000000000100009293636719RAFAEL PEREIRA VIANA MARQUES            RUA JOAO SALVADOR PERES TONICO, NO 326              09390810                                                            000009
1000000000000000000000090300201093380                         0000000020002508520700000000002N           0  01000250852025051800000000380000000000001N220518000000000000000000000000000000000000000000000000000000000000000100013375724705BRUNO VIGNOLA SARKIZ                    RUA IGUABE35, 14, CASA                              21380000                                                            000010
1000000000000000000000090300201093380                         0000000020002508472300000000002N           0  01000250847231051800000000384500000000001N140518000000000000000000000000000000000000000000000000000000000000000100011962737748JAILTON ROSA DA SILVA                   RUA ANTONIO ROCHA, 15                               28930000                                                            000011
1000000000000000000000090300201093380                         0000000020002508365400000000002N           0  01000250836530051800000004320000000000001N180418000000000000000000000000000000000000000000000000000000000000000100097045810504ROMULO SOUZA DOS SANTOS                 PRACA DOIS DE JULHO, NO 58                          42600000                                                            000012
9                                                                                                                                                                                                                                                                                                                                                                                                         000013