01REMESSA01COBRANCA       00000000000007976627ASSOCIACAO BRASILEIRA DE COR  237BRADESCO       280518        MX0000011                                                                                                                                                                                                                                                                                     000001
1000000000000000000000090300201093380                         0000000020002508579700000000002N           0  01000250857930051800000000380000000000001N280518000000000000000000000000000000000000000000000000000000000000000100016190161766RAMON RODRIGUES MOREIRA SANTOS          RUA ABDO FELIPE, NO 154                             27323000                                                            000002
1000000000000000000000090300201093380                         0000000020002508578900000000002N           0  01000250857830051800000000380000000000001N280518000000000000000000000000000000000000000000000000000000000000000100015314355728RAFAEL REID DE OLIVEIRA                 FAZ. PARAISO, S/N                                   28740000                                                            000003
1000000000000000000000090300201093380                         0000000020002508577000000000002N           0  01000250857730051800000000380000000000001N280518000000000000000000000000000000000000000000000000000000000000000100012560541785ROMARIO DA SILVA FERNANDES MARTINS      RUA 48, NO 54                                       27963000                                                            000004
1000000000000000000000090300201093380                         0000000020002508576200000000002N           0  01000250857630051800000000380000000000001N280518000000000000000000000000000000000000000000000000000000000000000100090312678720MARCIO NUNES RIBEIRO                    RUA BANGU, N 1240                                   28894450                                                            000005
1000000000000000000000090300201093380                         0000000020002508575400000000002N           0  01000250857530051800000000380000000000001N280518000000000000000000000000000000000000000000000000000000000000000100008403704402MYCHAELL OLIVEIRA RODRIGUES             RUA AMERICO PEIXOTO, NO 141                         27913310                                                            000006
1000000000000000000000090300201093380                         0000000020002508574600000000002N           0  01000250857430051800000000420000000000001N280518000000000000000000000000000000000000000000000000000000000000000100005704727760NEY RIBEIRO DA CONCEICAO                RUA ANTONIO FIGUEIRA, N 30                          24436190                                                            000007
1000000000000000000000090300201093380                         0000000020002508573800000000002N           0  01000250857330051800000000380000000000001N280518000000000000000000000000000000000000000000000000000000000000000100057081549772PAULO SERGIO DA CONCEICAO               R. VINTE E QUATRO DE JUNHO, NO 20                   28085450                                                            000008
1000000000000000000000090300201093380                         0000000020002508572P00000000002N           0  01000250857230051800000000380000000000001N280518000000000000000000000000000000000000000000000000000000000000000100013517838748LUIZ MAURICIO DUARTE COUTINHO           RUA I, NO 92                                        28000000                                                            000009
1000000000000000000000090300201093380                         0000000020002508571100000000002N           0  01000250857130051800000000380000000000001N280518000000000000000000000000000000000000000000000000000000000000000100014314950773LUCAS VIANA ROSA                        RUA PE. MANOEL DA NOBREGA, N 220                    28000000                                                            000010
1000000000000000000000090300201093380                         0000000020002508570300000000002N           0  01000250857030051800000000380000000000001N280518000000000000000000000000000000000000000000000000000000000000000100009867344707LUIZ EDUARDO CORREIA SORIANO            RUA JOANA ANTUNES, NO 80 - CS 02                    28860000                                                            000011
1000000000000000000000090300201093380                         0000000020002508569P00000000002N           0  01000250856930051800000000380000000000001N280518000000000000000000000000000000000000000000000000000000000000000100002017597562TIAGO LOPES FERREIRA                    RUA PERCILIO DOS SANTOS, 360                        48120000                                                            000012
1000000000000000000000090300201093380                         0000000020002508568100000000002N           0  01000250856830051800000000380000000000001N280518000000000000000000000000000000000000000000000000000000000000000100019249298722THIAGO RESTAY MACEDO                    AV. JOSE MOTA, N 560                                28100000                                                            000013
1000000000000000000000090300201093380                         0000000020002508567300000000002N           0  01000250856730051800000000380000000000001N280518000000000000000000000000000000000000000000000000000000000000000100005838280786SANDRO DO NASCIMENTO DE AZEVEDO         RUA PEDRO PIZZO, N 285                              28740000                                                            000014
1000000000000000000000090300201093380                         0000000020002508566500000000002N           0  01000250856630051800000000420000000000001N280518000000000000000000000000000000000000000000000000000000000000000100013976276707ROSENILTON CRESPO PESSANHA              CORONEL CASTRO, S/N                                 28740000                                                            000015
1000000000000000000000090300201093380                         0000000020002508565700000000002N           0  01000250856530051800000000380000000000001N280518000000000000000000000000000000000000000000000000000000000000000100016677697746THYAGO PACHECO                          RUA RIO SALGADO, N 101                              29169070                                                            000016
1000000000000000000000090300201093380                         0000000020002508564900000000002N           0  01000250856430051800000000380000000000001N280518000000000000000000000000000000000000000000000000000000000000000100012935156714SAVIO DA SILVA SANTOS                   RUA DOUTOR SILVIO BASTOS TAVARES, NO 34             28100000                                                            000017
1000000000000000000000090300201093380                         0000000020002508563000000000002N           0  01000250856330051800000000380000000000001N280518000000000000000000000000000000000000000000000000000000000000000100016621135793WESLLEY MIRANDA DE ARAUJO               R. CARLOS JANUARIO DE ASSIS, NO 85                  28200000                                                            000018
1000000000000000000000090300201093380                         0000000020002508562200000000002N           0  01000250856230051800000000380000000000001N280518000000000000000000000000000000000000000000000000000000000000000100014012817701WILLIAN PEREIRA DE FRANCA               RUA SEBASTIAO A. POYARES, NO 160                    27945540                                                            000019
1000000000000000000000090300201093380                         0000000020002508561400000000002N           0  01000250856130051800000000380000000000001N280518000000000000000000000000000000000000000000000000000000000000000100015914417732VANDERSON DOS SANTOS DA SILVA           RUA BENTO A. LEMOS, S/N                             28740000                                                            000020
1000000000000000000000090300201093380                         0000000020002508560600000000002N           0  01000250856030051800000000380000000000001N280518000000000000000000000000000000000000000000000000000000000000000100012591749728VIVIANE CARDOSO DO ESPIRITO SANTO       RUA JOSE DE OLIVEIRA, NO 59                         27961222                                                            000021
1000000000000000000000090300201093380                         0000000020002508559200000000002N           0  01000250855930051800000000380000000000001N280518000000000000000000000000000000000000000000000000000000000000000100009450624780VALTENCIR ANUNCIACAO SILVA              RUA O. C. NILO, NO 20                               27961032                                                            000022
1000000000000000000000090300201093380                         0000000020002508558400000000002N           0  01000250855830051800000000380000000000001N280518000000000000000000000000000000000000000000000000000000000000000100067025994553VALTENILDO MOURA DOS SANTOS             RUA DAS VIOLETAS, NO 51                             28890000                                                            000023
1000000000000000000000090300201093380                         0000000020002508557600000000002N           0  01000250855730051800000000480000000000001N280518000000000000000000000000000000000000000000000000000000000000000100013548111866VANESSA ZANOLINI FIGUEIREDO             AVENIDA NOVA CANTAREIRA, N 4504                     02340002                                                            000024
1000000000000000000000090300201093380                         0000000020002508548700000000002N           0  01000250854830051800000000420000000000001N230518000000000000000000000000000000000000000000000000000000000000000100011053493738PAULO ROBERTO OLIVEIRA DOS SANTOS       AV. GETULIO VARGAS, NO 8                            28930000                                                            000025
1000000000000000000000090300201093380                         0000000020002508547900000000002N           0  01000250854730051800000000380000000000001N230518000000000000000000000000000000000000000000000000000000000000000100013215819716FABRICIO QUADROS FURTADO DA SILVA       AVE D, N 1235                                       17965055                                                            000026
1000000000000000000000090300201093380                         0000000020002508546000000000002N           0  01000250854630051800000000380000000000001N230518000000000000000000000000000000000000000000000000000000000000000100016997150764JHONATAN SANTOS DA SILVA                RUA ANDRE  FLORIDO, 19                              23740000                                                            000027
1000000000000000000000090300201093380                         0000000020002508545200000000002N           0  01000250854530051800000000380000000000001N230518000000000000000000000000000000000000000000000000000000000000000100008603293724JOSE LEANDRO MILITAO PRUDENCIO          RUA NEYDIVAL VILACA VENANCIO, 70                    28010000                                                            000028
1000000000000000000000090300201093380                         0000000020002508544400000000002N           0  01000250854430051800000000380000000000001N230518000000000000000000000000000000000000000000000000000000000000000100068639570787JOSE CARLOS DA SILVA KELLY              RUA DA SERVIDAO, 21                                 27900000                                                            000029
1000000000000000000000090300201093380                         0000000020002508542800000000002N           0  01000250854230051800000000380000000000001N230518000000000000000000000000000000000000000000000000000000000000000100011168612756JHONNY WEY DE SOUZA MARQUES             AV. FREI VICENTE BOGARD                             24800000                                                            000030
1000000000000000000000090300201093380                         0000000020002508540100000000002N           0  01000250854030051800000000380000000000001N230518000000000000000000000000000000000000000000000000000000000000000100010040286797RENIER CARVALHO DE MORAES RIBEIRO       ESTRADA JOAO VENANCIO DE FIGUEIREDO, 1              26020001                                                            000031
1000000000000000000000090300201093380                         0000000020002508539800000000002N           0  01000250853930051800000000380000000000001N230518000000000000000000000000000000000000000000000000000000000000000100008259013754PAULO HENRIQUE DA SILVA SOUZA           R. JOAO VIEIRA FONTES, NO 27                        28300000                                                            000032
1000000000000000000000090300201093380                         0000000020002508538P00000000002N           0  01000250853830051800000000380000000000001N230518000000000000000000000000000000000000000000000000000000000000000100013721302761RAFAEL MENDES MEIRA AMADO               RUA ACHILES VIEIRA FOLLY, N 1265                    29900000                                                            000033
1000000000000000000000090300201093380                         0000000020002508537100000000002N           0  01000250853730051800000000380000000000001N230518000000000000000000000000000000000000000000000000000000000000000100009961947703MICHEL DA SILVA ELIAS                   RUA SANTA ANA, N 13                                 28740000                                                            000034
1000000000000000000000090300201093380                         0000000020002508535500000000002N           0  01000250853530051800000000380000000000001N230518000000000000000000000000000000000000000000000000000000000000000100012710658780LEONARDO DE AMORIM PINHEIRO             RUA UM - QD 1, LT 8, C1                             27963834                                                            000035
1000000000000000000000090300201093380                         0000000020002508534700000000002N           0  01000250853430051800000000380000000000001N230518000000000000000000000000000000000000000000000000000000000000000100005593967750LEONARDO MONCAO                         RUA ALCIDES VIEIRA MACIEL , N 55                    28085130                                                            000036
1000000000000000000000090300201093380                         0000000020002508533900000000002N           0  01000250853330051800000000380000000000001N230518000000000000000000000000000000000000000000000000000000000000000100013754292722LEONARDO BRUNO FERRAS                   RUA NOVA OLINDA, N 356                              28000000                                                            000037
1000000000000000000000090300201093380                         0000000020002508532000000000002N           0  01000250853230051800000000380000000000001N230518000000000000000000000000000000000000000000000000000000000000000100014669995782JUAN ROBSON MACHADO MERIDA SILVA        RUA OLIVIA FARIA, NO 66                             28250000                                                            000038
1000000000000000000000090300201093380                         0000000020002508531200000000002N           0  01000250853130051800000000380000000000001N230518000000000000000000000000000000000000000000000000000000000000000100008743743676JOSE POLICARPO NETO                     RUA MARIA LUCIA PIERSANTE , NO 165                  27963762                                                            000039
1000000000000000000000090300201093380                         0000000020002508530400000000002N           0  01000250853030051800000000380000000000001N230518000000000000000000000000000000000000000000000000000000000000000100012733820729JOCIMAR BARRETO DA SILVA JUNIOR         RUA JULIO BARCELOS, NO 03                           28000000                                                            000040
1000000000000000000000090300201093380                         0000000020002508517700000000002N           0  01000250851730051800000000380000000000001N220518000000000000000000000000000000000000000000000000000000000000000100014022918764JONATHAN MANTUANO FREIRE                RUA 05, NO 97 - QUADRA 09                           27900000                                                            000041
1000000000000000000000090300201093380                         0000000020002508516900000000002N           0  01000250851630051800000000380000000000001N220518000000000000000000000000000000000000000000000000000000000000000100015314354756FELIPE REID DE OLIVEIRA                 FAZENDA PARAISO, S/N                                28740000                                                            000042
1000000000000000000000090300201093380                         0000000020002508513400000000002N           0  01000250851330051800000000380000000000001N220518000000000000000000000000000000000000000000000000000000000000000100013461324701IURY FALCAO ANTERO                      RUA BENTO ANDRADE LEMOS, 67                         28740000                                                            000043
1000000000000000000000090300201093380                         0000000020002508510P00000000002N           0  01000250851030051800000000380000000000001N220518000000000000000000000000000000000000000000000000000000000000000100001632105780ISABEL CRISTINA MARQUES PINTO MONTEIRO  RUA ITATIBA, N 359                                  21645320                                                            000044
1000000000000000000000090300201093380                         0000000020002508509600000000002N           0  01000250850930051800000000380000000000001N220518000000000000000000000000000000000000000000000000000000000000000100007579138573GABRIEL MACEDO DOS SANTOS               RUA ANA, NO 13                                      24210205                                                            000045
1000000000000000000000090300201093380                         0000000020002508507P00000000002N           0  01000250850730051800000000380000000000001N220518000000000000000000000000000000000000000000000000000000000000000100004540542540CARLOS HENRIQUE COUTINHO TAVARES COSTA  RUA STA. CATARINA, N 850                            28890227                                                            000046
1000000000000000000000090300201093380                         0000000020002508506100000000002N           0  01000250850630051800000000380000000000001N220518000000000000000000000000000000000000000000000000000000000000000100013035357773ALVARO DE OLIVEIRA LESSA                RUA ALVARO BELMONT, NO 260                          28740000                                                            000047
1000000000000000000000090300201093380                         0000000020002508503700000000002N           0  01000250850330051800000000380000000000001N220518000000000000000000000000000000000000000000000000000000000000000100012012358713 DIEGO ANTONIO LUCAS PINHEIRO           RUA W, NO 39                                        27970220                                                            000048
1000000000000000000000090300201093380                         0000000020002508500200000000002N           0  01000250850030051800000000380000000000001N220518000000000000000000000000000000000000000000000000000000000000000100019958844729DOUGLAS CONSTANCIO BRITO                RUA PRINCIPAL, S/N                                  28100000                                                            000049
1000000000000000000000090300201093380                         0000000020002508499500000000002N           0  01000250849930051800000000380000000000001N220518000000000000000000000000000000000000000000000000000000000000000100011157786766BRUNO LIMA ROQUE                        W1, NO 4 - QUADRA 407                               27900000                                                            000050
1000000000000000000000090300201093380                         0000000020002508497900000000002N           0  01000250849730051800000000380000000000001N220518000000000000000000000000000000000000000000000000000000000000000100007893979607ANDERSON DA SILVA RODRIGUES             ALM W - SETE, NO 35                                 27900000                                                            000051
1000000000000000000000090300201093380                         0000000020002508496000000000002N           0  01000250849630051800000000380000000000001N220518000000000000000000000000000000000000000000000000000000000000000100013309247708ALEX PEREIRA CARDOSO                    AVE. 03, NO 63                                      27900000                                                            000052
1000000000000000000000090300201093380                         0000000020002508357300000000002N           0  01000250835730061800000001680000000000001N100418000000000000000000000000000000000000000000000000000000000000000100006251015888AGNALDO COSME DOS SANTOS SILVA          RUA POLAR, NO 200                                   12230240                                                            000053
9                                                                                                                                                                                                                                                                                                                                                                                                         000054