01REMESSA01COBRANCA       00000000000007977855ASSOCIACAO BRASILEIRA DE COR  237BRADESCO       050618        MX0000011                                                                                                                                                                                                                                                                                     000001
1000000000000000000000090127600109991                         0000000013012415463800000000002N           0  01000241546304071800000000244170000000001N050618000000000000000000000000000000000000000000000000000000000000000100011687529736ELVIS COLODETE                          RUA VEREADOR ANISIO NOVAES              ANUIDADE DO 29360000                                                            000002
1000000000000000000000090127600109991                         0000000013012415464600000000002N           0  01000241546409071800000000244170000000001N050618000000000000000000000000000000000000000000000000000000000000000100007157952793JOSE VIEGAS MORANDI CAMPOS CARVALHO     RUA OSEIASRODRIGUES SANTA RITA          ANUIDADE DO 27930805                                                            000003
1000000000000000000000090127600109991                         0000000013012415465400000000002N           0  01000241546509071800000000244170000000001N050618000000000000000000000000000000000000000000000000000000000000000100067973540644MARCIO RODRIGUES DE MENDONCA            RUA CARLOS GOMES                        ANUIDADE DO 96200070                                                            000004
1000000000000000000000090127600109991                         0000000013012415466200000000002N           0  01000241546609071800000000244170000000001N050618000000000000000000000000000000000000000000000000000000000000000100008067118841MARIA DE FATIMA RATHLEF                 RUA JOAO CAETANO                        ANUIDADE DO 11070310                                                            000005
1000000000000000000000090127600109991                         0000000013012415467000000000002N           0  01000241546709071800000000244170000000001N050618000000000000000000000000000000000000000000000000000000000000000100030357477847EDUARDO HENRIQUE FIGUEIREDO PLAZIO      RUA ATUAI                               ANUIDADE DO 03646000                                                            000006
1000000000000000000000090127600109991                         0000000013012415468900000000002N           0  01000241546809071800000000244170000000001N050618000000000000000000000000000000000000000000000000000000000000000100003877421903ANDERSON PINHEIRO SCHNEKEMBERG          RUA IGUARACU                            ANUIDADE DO 84036430                                                            000007
1000000000000000000000090127600109991                         0000000013012415469700000000002N           0  01000241546910071800000000244170000000001N050618000000000000000000000000000000000000000000000000000000000000000100004810369706MARCELO DE SOUZA PAIVA                  RUA GRACILIANO RAMOS                    ANUIDADE DO 28890000                                                            000008
1000000000000000000000090127600109991                         0000000013012415470000000000002N           0  01000241547006071800000000232530000000001N050618000000000000000000000000000000000000000000000000000000000000000100007192515833JOSE ROBERTO DE JESUS ROSA              R. VISCONDE DO RIO BRANCO               ANUIDADE DO 18044000                                                            000009
1000000000000000000000090127600109991                         0000000013012415471900000000002N           0  01000241547106071800000000244170000000001N050618000000000000000000000000000000000000000000000000000000000000000100009925645735GEOVANE RODRIGUES DE FREITAS            ESTRADA DOS CARAMUJOS                   ANUIDADE DO 26311010                                                            000010
1000000000000000000000090127600109991                         0000000013012415472700000000002N           0  01000241547212071800000000244170000000001N050618000000000000000000000000000000000000000000000000000000000000000100007139937907FERNANDO OLSZEWSKI BUENO                RUA 13 DE MAIO                          ANUIDADE DO 83900000                                                            000011
1000000000000000000000090127600109991                         0000000013012415473500000000002N           0  01000241547308071800000000244170000000001N050618000000000000000000000000000000000000000000000000000000000000000100054088879791RAYMUNDO DOS SANTOS MAIA FILHO          R. MAURO CESAR DO NASCIMENTO            ANUIDADE DO 27510110                                                            000012
1000000000000000000000090127600109991                         0000000013012415474300000000002N           0  01000241547420061800000000249940000000001N050618000000000000000000000000000000000000000000000000000000000000000100050843680687JOAO BATISTA DA SILVEIRA                RUA BUCARESTE                           ANUIDADE DO 32043105                                                            000013
1000000000000000000000090127600109991                         0000000013012415475100000000002N           0  01000241547520061800000002378340000000001N050618000000000000000000000000000000000000000000000000000000000000000100000736972900WALBER JOSE MEZADRI                     RUA DOUTOR ARLINDO SODRE                EXAME DE QUA29933540                                                            000014
9                                                                                                                                                                                                                                                                                                                                                                                                         000015