01REMESSA01COBRANCA       00000000000007977855ASSOCIACAO BRASILEIRA DE COR  237BRADESCO       060618        MX0000012                                                                                                                                                                                                                                                                                     000001
1000000000000000000000090127600109991                         0000000013012415476P00000000002N           0  01000241547623071800000000993010000000001N060618000000000000000000000000000000000000000000000000000000000000000100010603323707CARLOS ANTONIO DE OLIVEIRA DIAS         AVENIDA JOAO BAPTISTA CAFFARO           RECERTIFICAA24890000                                                            000002
1000000000000000000000090127600109991                         0000000013012415477800000000002N           0  01000241547723071800000000993010000000001N060618000000000000000000000000000000000000000000000000000000000000000100003022487657VICENTE DA COSTA GONCALVES              PREFEITO EURIPES CARLOS DE ABREU        RECERTIFICAA36850000                                                            000003
1000000000000000000000090127600109991                         0000000013012415478600000000002N           0  01000241547823071800000000993010000000001N060618000000000000000000000000000000000000000000000000000000000000000100005380543952MAURICIO TORMEN                         RUA ERNESTO PAMDOLFO                    RECERTIFICAA95320000                                                            000004
1000000000000000000000090127600109991                         0000000013012415479400000000002N           0  01000241547923071800000000993010000000001N060618000000000000000000000000000000000000000000000000000000000000000100010634650793BRUNO DA CONCEICAO BARCELOS             RUA. MANOEL MARQUES                     RECERTIFICAA27973240                                                            000005
1000000000000000000000090127600109991                         0000000013012415480800000000002N           0  01000241548023071800000000993010000000001N060618000000000000000000000000000000000000000000000000000000000000000100002489847562FRANCISCO GOMES DE SA NETO              RUA CAMPO FORMOSO                       RECERTIFICAA42805170                                                            000006
1000000000000000000000090127600109991                         0000000013012415481600000000002N           0  01000241548123071800000000993010000000001N060618000000000000000000000000000000000000000000000000000000000000000100040583328830MATHEUS GIRALDI HAGE CHAIN              RUA CAPITAO JOAO ALVES DO AMARAL        RECERTIFICAA12944275                                                            000007
1000000000000000000000090127600109991                         0000000013012415482400000000002N           0  01000241548227071800000000993010000000001N060618000000000000000000000000000000000000000000000000000000000000000100009845510850RALFI CHRISTIANI DOS SANTOS             RUA ADALIA EURIDES BEZERRA DA SILVA     RECERTIFICAA12239058                                                            000008
1000000000000000000000090127600109991                         0000000013012415483200000000002N           0  01000241548323071800000000993010000000001N060618000000000000000000000000000000000000000000000000000000000000000100022220079848ANNELIZE LYRA NOBRE                     ESTRADA GUANDU SAPE                     RECERTIFICAA23095072                                                            000009
1000000000000000000000090127600109991                         0000000013012415484000000000002N           0  01000241548423071800000000993010000000001N060618000000000000000000000000000000000000000000000000000000000000000100004790156869MARCOS ANTONIO DA SILVA GUARIENTO       RUA JOSE XAVIER                         RECERTIFICAA59507000                                                            000010
1000000000000000000000090127600109991                         0000000013012415485900000000002N           0  01000241548521061800000000244170000000001N060618000000000000000000000000000000000000000000000000000000000000000100041299620434JOAO VICENTE SOARES ANDRADE             R. GUAMORE                              ANUIDADE DO 59152745                                                            000011
9                                                                                                                                                                                                                                                                                                                                                                                                         000012