01REMESSA01COBRANCA       00000000000007977855ASSOCIACAO BRASILEIRA DE COR  237BRADESCO       070618        MX0000013                                                                                                                                                                                                                                                                                     000001
1000000000000000000000090127600109991                         0000000013012415486700000000002N           0  01000241548623071800000002378340000000001N070618000000000000000000000000000000000000000000000000000000000000000100010185624782LUIS FERNANDO RIBEIRO DA COSTA          RUA SALVADOR LUIZ RIBEIRO               EXAME DE QUA36850000                                                            000002
1000000000000000000000090127600109991                         0000000013012415487500000000002N           0  01000241548709071800000000363510000000001N070618000000000000000000000000000000000000000000000000000000000000000100010573131732GUILHERME PEREIRA DOS REIS              RUA GEOVANI DE CASTRO                   REEXAME DE R22763070                                                            000003
9                                                                                                                                                                                                                                                                                                                                                                                                         000004