01REMESSA01COBRANCA       00000000000007977855ASSOCIACAO BRASILEIRA DE COR  237BRADESCO       080618        MX0000014                                                                                                                                                                                                                                                                                     000001
1000000000000000000000090127600109991                         0000000013012415488300000000002N           0  01000241548811071800000000244170000000001N080618000000000000000000000000000000000000000000000000000000000000000100091078776768ROGERIO DA SILVA GRANJA                 RUA DA PAZ                              ANUIDADE DO 24934350                                                            000002
1000000000000000000000090127600109991                         0000000013012415489100000000002N           0  01000241548911071800000000244170000000001N080618000000000000000000000000000000000000000000000000000000000000000100051695472420ROGERIO CAVALCANTI CELESTINO            RUA PAINEIRAS                           ANUIDADE DO 32340390                                                            000003
1000000000000000000000090127600109991                         0000000013012415490500000000002N           0  01000241549012071800000000244170000000001N080618000000000000000000000000000000000000000000000000000000000000000100006005591819EDSON FIRMINO DE SANTANA                RUA MELVIN JONES                        ANUIDADE DO 09040300                                                            000004
1000000000000000000000090127600109991                         0000000013012415491300000000002N           0  01000241549112071800000000244170000000001N080618000000000000000000000000000000000000000000000000000000000000000100041340044897RICARDO CASSINELLI DA CRUZ              RUA ASFALTITE                           ANUIDADE DO 03358130                                                            000005
1000000000000000000000090127600109991                         0000000013012415492100000000002N           0  01000241549213071800000000244170000000001N080618000000000000000000000000000000000000000000000000000000000000000100008338797740FELIX RODRIGUES JUNIOR                  RUA LENGRUBER FILHO                     ANUIDADE DO 24110498                                                            000006
1000000000000000000000090127600109991                         0000000013012415493P00000000002N           0  01000241549320071800000000244170000000001N080618000000000000000000000000000000000000000000000000000000000000000100091557801649EMERSON WILLIAM DE FARIA                AV. ALBERT SCHWAITZER                   ANUIDADE DO 32042300                                                            000007
1000000000000000000000090127600109991                         0000000013012415494800000000002N           0  01000241549420071800000000244170000000001N080618000000000000000000000000000000000000000000000000000000000000000100008917581781JOSE RONALDO RAMOS MASSENA JUNIOR       RUA MARECHAL DEODORO                    ANUIDADE DO 27910310                                                            000008
1000000000000000000000090127600109991                         0000000013012415495600000000002N           0  01000241549512071800000000244140000000001N080618000000000000000000000000000000000000000000000000000000000000000100011194465706RODRIGO DE CASTRO SILVA                 RUA BENEDITO BERNARDINO DA CONCEICAO    ANUIDADE DO 28893235                                                            000009
1000000000000000000000090127600109991                         0000000013012415496400000000002N           0  01000241549614071800000000244170000000001N080618000000000000000000000000000000000000000000000000000000000000000100081095732749ROBSON VIALLE RETTICH                   RUA DIONISIO ERTHAL                     ANUIDADE DO 24240020                                                            000010
1000000000000000000000090127600109991                         0000000013012415497200000000002N           0  01000241549714071800000000232530000000001N080618000000000000000000000000000000000000000000000000000000000000000100001658912705FABIO SILVA DOS SANTOS                  RUA MAJOR SOUZA MENDES                  ANUIDADE DO 21511160                                                            000011
1000000000000000000000090127600109991                         0000000013012415498000000000002N           0  01000241549814071800000000244170000000001N080618000000000000000000000000000000000000000000000000000000000000000100099876540882WASHINGTON FELIX DA CRUZ                RUA FLORIANOPOLIS                       ANUIDADE DO 03185050                                                            000012
1000000000000000000000090127600109991                         0000000013012415499900000000002N           0  01000241549914071800000000244170000000001N080618000000000000000000000000000000000000000000000000000000000000000100008120451732EDUARDO VIANA BARBOSA                   R. MARCILIO DIAS                        ANUIDADE DO 28930000                                                            000013
1000000000000000000000090127600109991                         0000000013012415500600000000002N           0  01000241550014071800000000244170000000001N080618000000000000000000000000000000000000000000000000000000000000000100068523297987MARCELO LUIS CAMPREGHER                 RUA JOAO BERTOLI                        ANUIDADE DO 89254450                                                            000014
1000000000000000000000090127600109991                         0000000013012415501400000000002N           0  01000241550127071800000000244170000000001N080618000000000000000000000000000000000000000000000000000000000000000100070238588734DAMIAO PAULA DE ABREU                   RUA GENES                               ANUIDADE DO 26115400                                                            000015
1000000000000000000000090127600109991                         0000000013012415502200000000002N           0  01000241550229071800000000244170000000001N080618000000000000000000000000000000000000000000000000000000000000000100086545264672MARIA HELENA DE PAULA                   AVENIDA AMAZONAS                        ANUIDADE DO 27281060                                                            000016
9                                                                                                                                                                                                                                                                                                                                                                                                         000017