01REMESSA01COBRANCA       00000000000007977855ASSOCIACAO BRASILEIRA DE COR  237BRADESCO       120618        MX0000015                                                                                                                                                                                                                                                                                     000001
1000000000000000000000090127600109991                         0000000013012415503000000000002N           0  01000241550313071800000000356410000000001N120618000000000000000000000000000000000000000000000000000000000000000100009864593722SERGIO BOMFIM DOS SANTOS                RUA JOSE DO PATROCINIO                  REEXAME DE R28360000                                                            000002
1000000000000000000000090127600109991                         0000000013012415504900000000002N           0  01000241550413071800000000502780000000001N120618000000000000000000000000000000000000000000000000000000000000000100028746833889ALEXANDER CILLI                         RUA ALEXANDRE HERCULANO                 REEXAME DE I11050031                                                            000003
1000000000000000000000090127600109991                         0000000013012415505700000000002N           0  01000241550513071800000001733240000000001N120618000000000000000000000000000000000000000000000000000000000000000100014611256774WELTON LOPES GUIMARAES                  RUA PORTUGAL                            REEXAME DE I23946200                                                            000004
1000000000000000000000090127600109991                         0000000013012415506500000000002N           0  01000241550613071800000000474220000000001N120618000000000000000000000000000000000000000000000000000000000000000100003877287328FRANCISCO KLEITON OLIVEIRA MANGUEIRA    RUA PEDRO DE FAVERI                     REEXAME DE I13150000                                                            000005
1000000000000000000000090127600109991                         0000000013012415507300000000002N           0  01000241550713071800000000643210000000001N120618000000000000000000000000000000000000000000000000000000000000000100007070348681ITALO JACKSON DOS SANTOS                RUA JOSE ERNESTO DE ARAUJO              REEXAME DE I35450000                                                            000006
9                                                                                                                                                                                                                                                                                                                                                                                                         000007