01REMESSA01COBRANCA       00000000000007977855ASSOCIACAO BRASILEIRA DE COR  237BRADESCO       140618        MX0000016                                                                                                                                                                                                                                                                                     000001
1000000000000000000000090127600109991                         0000000013012415508100000000002N           0  01000241550816071800000000251370000000001N140618000000000000000000000000000000000000000000000000000000000000000100046213562753EDUARDO MARQUES AGOSTINHO               R. LUIZ FERNANDES REIS                  ANUIDADE DO 29101120                                                            000002
1000000000000000000000090127600109991                         0000000013012415509P00000000002N           0  01000241550916071800000000251370000000001N140618000000000000000000000000000000000000000000000000000000000000000100064470482587OZIEL SANTOS VIEIRA                     RUA TRIANGULO DA LESTE                  ANUIDADE DO 42803300                                                            000003
1000000000000000000000090127600109991                         0000000013012415510300000000002N           0  01000241551019071800000000244170000000001N140618000000000000000000000000000000000000000000000000000000000000000100030182123715OSVALDO RIBEIRO                         RUA MARIZ E BARROS                      ANUIDADE DO 23914480                                                            000004
1000000000000000000000090127600109991                         0000000013012415511100000000002N           0  01000241551119071800000000232530000000001N140618000000000000000000000000000000000000000000000000000000000000000100012039463763VINICIUS MORAIS PAULO                   RUA SANTA RITA                          ANUIDADE DO 26310070                                                            000005
1000000000000000000000090127600109991                         0000000013012415512P00000000002N           0  01000241551219071800000000244170000000001N140618000000000000000000000000000000000000000000000000000000000000000100009642601745ROMULO BRITO E SILVA                    AV. JORNALISTA ROBERTO MARINHO          ANUIDADE DO 24451045                                                            000006
1000000000000000000000090127600109991                         0000000013012415513800000000002N           0  01000241551319071800000000244170000000001N140618000000000000000000000000000000000000000000000000000000000000000100077723449534MARCIO JOSE DOS SANTOS SAMARTIN         RUA FRANCISCO DAS MERCES                ANUIDADE DO 42700000                                                            000007
1000000000000000000000090127600109991                         0000000013012415514600000000002N           0  01000241551427071800000000244170000000001N140618000000000000000000000000000000000000000000000000000000000000000100065640373768ANGELO JOSE FERNANDES RODRIGUES         RUA 19 FEVEREIRO                        ANUIDADE DO 22280030                                                            000008
1000000000000000000000090127600109991                         0000000013012415515400000000002N           0  01000241551527071800000000244170000000001N140618000000000000000000000000000000000000000000000000000000000000000100041499255772LUIZ ANTONIO DOS SANTOS JARDIM          R. SILVANA DA COSTA                     ANUIDADE DO 24936600                                                            000009
1000000000000000000000090127600109991                         0000000013012415516200000000002N           0  01000241551627071800000000244170000000001N140618000000000000000000000000000000000000000000000000000000000000000100008613819710CARLOS ANDRE DE SOUZA                   RUA MARIA APARECIDA C MACHADO           ANUIDADE DO 27930825                                                            000010
9                                                                                                                                                                                                                                                                                                                                                                                                         000011