01REMESSA01COBRANCA       00000000000007977855ASSOCIACAO BRASILEIRA DE COR  237BRADESCO       150618        MX0000019                                                                                                                                                                                                                                                                                     000001
1000000000000000000000090127600109991                         0000000013012415526P00000000002N           0  01000241552602081800000002448510000000001N150618000000000000000000000000000000000000000000000000000000000000000100033233405820MARCOS ROBERTO DA SILVA                 RUA CAMPO ALEGRE                        EXAME DE QUA89240000                                                            000002
1000000000000000000000090127600109991                         0000000013012415527800000000002N           0  01000241552702081800000002448510000000001N150618000000000000000000000000000000000000000000000000000000000000000100000695229524DANIEL BATISTA DUARTE DA SILVA          AV INDUSTRIAL URBANA                    EXAME DE QUA42802570                                                            000003
1000000000000000000000090127600109991                         0000000013012415528600000000002N           0  01000241552802081800000000522080000000001N150618000000000000000000000000000000000000000000000000000000000000000100065239997772ROBSON SANT ANA GUEDES                  R. SILVIO GRECCO                        RECERTIFICAA29090230                                                            000004
1000000000000000000000090127600109991                         0000000013012415529400000000002N           0  01000241552902081800000000522080000000001N150618000000000000000000000000000000000000000000000000000000000000000100027934221851NILTON RIBEIRO FILHO                    RUA DOUTOR EURICO DE SOUZA PEREIRA      RECERTIFICAA12947130                                                            000005
9                                                                                                                                                                                                                                                                                                                                                                                                         000006