01REMESSA01COBRANCA       00000000000007977855ASSOCIACAO BRASILEIRA DE COR  237BRADESCO       150618        MX0000017                                                                                                                                                                                                                                                                                     000001
1000000000000000000000090127600109991                         0000000013012415517000000000002N           0  01000241551727071800000000244170000000001N150618000000000000000000000000000000000000000000000000000000000000000100088085589753CELIO JOSE MUNIZ                        RUA LUIS LOPES DORNELES                 ANUIDADE DO 27283110                                                            000002
1000000000000000000000090127600109991                         0000000013012415518900000000002N           0  01000241551827071800000000244170000000001N150618000000000000000000000000000000000000000000000000000000000000000100010799023760FILIPE PENA DA SILVA                    RUA DOS COQUEIROS                       ANUIDADE DO 25980000                                                            000003
1000000000000000000000090127600109991                         0000000013012415519700000000002N           0  01000241551927071800000000244170000000001N150618000000000000000000000000000000000000000000000000000000000000000100008732729782RODRIGO CESAR NUNES DOS SANTOS          RUA GENERAL OSORIO                      ANUIDADE DO 21910440                                                            000004
1000000000000000000000090127600109991                         0000000013012415520000000000002N           0  01000241552027071800000000244170000000001N150618000000000000000000000000000000000000000000000000000000000000000100019986694833ALCIERE GOMES DA SILVA                  RUA RAFAEL FERNANDES VENTOSA            ANUIDADE DO 06296030                                                            000005
1000000000000000000000090127600109991                         0000000013012415521900000000002N           0  01000241552128071800000000244170000000001N150618000000000000000000000000000000000000000000000000000000000000000100061719307768RICARDO JOSE CARVALHO  MORAES           R. MINISTRO GABRIEL DE RESENDE PASSOS   ANUIDADE DO 04521020                                                            000006
1000000000000000000000090127600109991                         0000000013012415522700000000002N           0  01000241552228071800000000244170000000001N150618000000000000000000000000000000000000000000000000000000000000000100051162415720ELIEZER SOARES DA SILVA                 R. PIRAI                                ANUIDADE DO 21555530                                                            000007
1000000000000000000000090127600109991                         0000000013012415523500000000002N           0  01000241552329071800000000244170000000001N150618000000000000000000000000000000000000000000000000000000000000000100014588074792GABRIEL FERREIRA BARRETO                RUA JOSE FERNANDES DO REIS              ANUIDADE DO 28080145                                                            000008
1000000000000000000000090127600109991                         0000000013012415524300000000002N           0  01000241552430071800000000244170000000001N150618000000000000000000000000000000000000000000000000000000000000000100003727813571JONAS LEAL CAMPOS                       RUA PARACAINA                           ANUIDADE DO 41253010                                                            000009
9                                                                                                                                                                                                                                                                                                                                                                                                         000010