01REMESSA01COBRANCA       00000000000007977855ASSOCIACAO BRASILEIRA DE COR  237BRADESCO       160618        MX0000023                                                                                                                                                                                                                                                                                     000001
1000000000000000000000090127600109991                         0000000013012415487500000000002N           0  01000241548709071800000000363510000000001N070618000000000000000000000000000000000000000000000000000000000000000100010573131732GUILHERME PEREIRA DOS REIS              RUA GEOVANI DE CASTRO                   REEXAME DE R22763070                                                            000002
1000000000000000000000090127600109991                         0000000013012415489100000000002N           0  01000241548915061800000000004500000000001N150618000000000000000000000000000000000000000000000000000000000000000233988536000116ABRACO                                  ENDERECO                                REQUALIFICAÃ24120191                                                            000003
9                                                                                                                                                                                                                                                                                                                                                                                                         000004