01REMESSA01COBRANCA       00000000000007977855ASSOCIACAO BRASILEIRA DE COR  237BRADESCO       220518        MX0000006                                                                                                                                                                                                                                                                                     000001
1000000000000000000000090127600109991                         0000000013012415441700000000002N           0  01000241544101017000000002378340000000001N220518000000000000000000000000000000000000000000000000000000000000000100031263576877ANDREI BORGES DE ARAUJO                 RUA QUATORZE DE JULHO                   EXAME DE QUA09626030                                                            000002
1000000000000000000000090127600109991                         0000000013012415443300000000002N           0  01000241544301017000000000602500000000001N220518000000000000000000000000000000000000000000000000000000000000000100000838959067CLAUDIR JOAO GALINA                     RUA ERNESTO WOLTEN BIEHL                REEXAME DE I93035120                                                            000003
9                                                                                                                                                                                                                                                                                                                                                                                                         000004