01REMESSA01COBRANCA       00000000000007977855ASSOCIACAO BRASILEIRA DE COR  237BRADESCO       250518        MX0000007                                                                                                                                                                                                                                                                                     000001
1000000000000000000000090127600109991                         0000000013012415457300000000002N           0  01000241545706011800000000853010000000001N250518000000000000000000000000000000000000000000000000000000000000000100004107580512LEONAN LIMA JUNGER                      AVENIDA IMASSAY                         REEXAME DE I42850000                                                            000002
9                                                                                                                                                                                                                                                                                                                                                                                                         000003