01REMESSA01COBRANCA       00000000000007977855ASSOCIACAO BRASILEIRA DE COR  237BRADESCO       290518        MX0000009                                                                                                                                                                                                                                                                                     000001
1000000000000000000000090127600109991                         0000000013012415460300000000002N           0  01000241546008061800000000853010000000001N290518000000000000000000000000000000000000000000000000000000000000000100004107580512LEONAN LIMA JUNGER                      AVENIDA IMASSAY                         REEXAME DE I42850000                                                            000002
9                                                                                                                                                                                                                                                                                                                                                                                                         000003