01REMESSA01COBRANCA       00000000000007977855ASSOCIACAO BRASILEIRA DE COR  237BRADESCO       290518        MX0000008                                                                                                                                                                                                                                                                                     000001
1000000000000000000000090127600109991                         0000000013012415459P00000000002N           0  01000241545928061800000000488340000000001N290518000000000000000000000000000000000000000000000000000000000000000100003470593418FRANCISCO ANDRE MAIA COSTA              R. PEDRO ALVARES CABRAL                 ANUIDADE SNQ59607140                                                            000002
9                                                                                                                                                                                                                                                                                                                                                                                                         000003