01REMESSA01COBRANCA       00000000000007977855ASSOCIACAO BRASILEIRA DE COR  237BRADESCO       300518        MX0000010                                                                                                                                                                                                                                                                                     000001
1000000000000000000000090127600109991                         0000000013012415461100000000002N           0  01000241546105071800000000244170000000001N300518000000000000000000000000000000000000000000000000000000000000000100000621227030RICARDO VON HOHENDORFF                  RS 030                                  ANUIDADE DO 95520000                                                            000002
9                                                                                                                                                                                                                                                                                                                                                                                                         000003